4050 6109
1084 319 1256 370 nri-2
1299 321 1452 370 PER
1495 319 2045 370 cAsTELNUOVO
2092 321 2329 370 BoccA
2376 304 2669 371 D'ADDA
3472 326 3551 387 99

190 588 362 638 super
397 573 748 627 casamentis
781 591 902 642 que
937 574 1112 628 michi
1147 575 1380 628 abstulit
1414 589 1664 628 comune
1697 575 1830 626 Cre-

192 665 364 702 mone
418 651 574 717 apud
629 651 901 705 Castrum
957 667 1174 704 novum
1231 651 1458 705 Bucche
1505 651 1720 704 Abdue
1771 659 1830 704 et

191 725 462 792 dampnis
494 735 554 780 et
589 727 863 794 expensis
901 745 1015 794 que
1051 736 1110 781 et
1146 745 1290 795 quas
1326 737 1562 794 propter
1597 729 1706 781 hoc
1741 727 1831 780 in-

189 803 357 865 curri,
397 803 590 870 placet
624 804 804 857 michi
836 806 948 858 hoc
985 805 1182 866 mod0,
1209 804 1476 858 videlicet
1512 803 1671 871 quod
1696 820 1828 857 cum

189 879 258 932 sit
291 880 598 946 publicum
653 889 714 934 et
759 881 1052 934 notorium
1087 881 1360 934 omnibus
1395 889 1514 934 tam
1551 880 1832 934 habitato-

189 957 346 1010 ribus
387 957 528 1011 dicti
565 959 753 1012 Castri
807 975 984 1025 quam
1039 959 1212 1012 etiam
1247 959 1470 1012 civibus
1503 959 1604 1026 qui
1641 958 1828 1024 ipsum

187 1033 556 1100 frequentare
611 1046 1062 1097 consueverunt,
1117 1036 1280 1103 quod
1332 1053 1642 1089 commune
1697 1036 1832 1088 Cre-

187 1125 364 1162 mone
420 1112 660 1166 abstulit
715 1113 888 1165 michi
943 1121 1002 1166 et
1057 1112 1277 1166 detinet
1334 1121 1662 1166 casamenta
1716 1129 1832 1178 que

187 1188 342 1252 apud
381 1188 608 1242 dictum
648 1191 918 1243 Castrum
943 1189 1232 1242 habebam
1257 1189 1524 1256 aquisita,
1553 1189 1600 1242 si
1624 1189 1830 1241 eadem

187 1265 360 1317 michi
401 1266 710 1320 restituere
736 1282 856 1320 non
881 1266 1072 1328 vultiS,
1098 1267 1356 1320 solvatur
1377 1266 1550 1320 michi
1582 1265 1830 1332 pretium

187 1358 303 1407 quo
339 1341 558 1396 eadem
595 1342 924 1398 exstimabo
960 1359 1063 1410 per
1099 1343 1484 1396 iuramentum
1519 1342 1642 1396 sive
1677 1351 1833 1396 taxa-

185 1419 450 1482 cionem余
507 1437 616 1486 pro
670 1420 941 1488 dampnis
992 1437 1131 1473 vero
1184 1429 1244 1474 et
1295 1419 1564 1486 expensis
1609 1427 1828 1473 tantum

187 1495 360 1548 michi
402 1497 666 1550 solvatur
702 1505 926 1564 quanto
961 1497 1286 1550 exstimabo
1334 1515 1404 1550 ea
1438 1497 1698 1550 similiter
1731 1513 1833 1563 per

187 1572 606 1638 iuramentum,
663 1573 968 1628 taxacione
1008 1583 1204 1627 tamen
1242 1575 1298 1627 in
1335 1575 1446 1627 hoc
1480 1573 1720 1627 articulo
1755 1574 1833 1626 le-

184 1649 388 1714 gitima
425 1650 814 1716 precedente余
867 1651 944 1704 ad
997 1667 1114 1718 que
1166 1651 1490 1704 iuramenta
1523 1651 1832 1716 prestanda

183 1743 274 1779 me
309 1727 536 1780 offerro
589 1737 879 1794 paratum.
917 1728 979 1780 Si
1013 1744 1154 1780 vero
1191 1728 1495 1794 negocium
1530 1728 1702 1780 vultis
1735 1729 1834 1780 de-

182 1803 400 1858 ducere
441 1805 518 1858 ad
557 1805 802 1858 formam
858 1803 1070 1868 iudicii,
1127 1806 1391 1872 quamvis
1450 1822 1566 1858 non
1623 1805 1832 1858 habeat

182 1881 414 1942 locum,
479 1891 672 1934 tamen
729 1891 788 1935 et
839 1881 966 1935 illut
1019 1881 1254 1948 recipio,
1307 1881 1632 1934 dummodo
1687 1880 1833 1935 inter

181 1967 410 2010 certum
453 1967 688 2024 tempus
741 1958 866 2012 illut
919 1959 1046 2021 fian
1109 1959 1186 2012 ita
1239 1959 1399 2026 quod
1444 1959 1491 2012 si
1531 1959 1672 2012 infra
1708 1959 1832 2012 illut

181 2044 422 2101 tempus
481 2053 598 2090 non
641 2035 889 2090 feceritis
941 2035 1115 2089 michi
1171 2036 1447 2090 iustitiam
1499 2051 1672 2102 super
1708 2053 1833 2102 pre-

183 2111 397 2172 missiS.
443 2121 583 2165 tunc
619 2111 728 2164 sim
783 2111 839 2165 in
895 2129 969 2164 eo
1021 2121 1172 2166 statu
1213 2113 1269 2164 in
1305 2129 1426 2179 quo
1479 2129 1608 2165 sum
1654 2113 1831 2164 modo

182 2205 299 2255 quo
335 2189 420 2241 ad
463 2188 654 2241 sorum
708 2205 810 2242 seu
857 2189 1258 2242 auctoritatem
1295 2189 1567 2250 ecclesie3
1606 2198 1664 2242 et
1699 2198 1832 2242 ante

179 2264 379 2318 omnia
421 2265 710 2318 revocetis
738 2265 932 2318 banna
964 2275 1023 2319 et
1057 2265 1508 2332 publicationem
1545 2267 1832 2319 bonorum

179 2358 461 2394 meorum
497 2351 558 2395 et
591 2343 706 2396 alia
739 2341 1178 2408 impedimenta,
1213 2342 1428 2408 quibus
1460 2357 1693 2408 possem
1732 2343 1834 2396 im-

179 2418 368 2484 pediri
407 2427 616 2484 petere
667 2418 958 2471 racionem
995 2435 1193 2472 coram
1228 2418 1414 2480 vobiS,
1455 2420 1704 2472 maxime
1740 2436 1834 2472 oc-

179 2496 424 2548 casione
461 2495 661 2548 statuti
697 2494 829 2548 sacti
855 2495 970 2548 iam
1010 2495 1164 2547 dicto
1191 2497 1425 2561 negotio
1459 2495 1750 2561 pendente
1775 2497 1832 2548 in

181 2572 304 2624 soro
343 2571 619 2632 ecclesie,
659 2588 782 2640 quo
817 2580 1053 2625 cavetur
1089 2589 1164 2625 ne
1197 2572 1366 2625 alicui
1404 2573 1833 2638 condempnato

178 2665 280 2702 seu
319 2648 753 2716 dampnificato
789 2665 891 2714 per
925 2657 1274 2715 potestatem
1309 2649 1398 2701 vel
1437 2649 1705 2702 consules
1729 2665 1830 2702 seu

179 2725 446 2792 aliquem
484 2725 800 2779 officialem
853 2742 1110 2792 unquam
1149 2727 1346 2794 aliquo
1382 2735 1643 2792 tempore
1679 2726 1836 2779 racio

182 2803 304 2855 fieri
342 2803 570 2856 debeat
603 2819 676 2855 ex
715 2819 835 2870 quo
883 2803 980 2856 illa
1015 2803 1473 2870 condempnacio
1509 2803 1742 2856 devenit
1775 2804 1832 2856 in

178 2879 422 2932 comuni
463 2880 781 2935 Cremone.
821 2881 894 2933 Et
927 2880 974 2934 si
1001 2881 1193 2934 banna
1218 2897 1487 2934 revocare
1523 2897 1638 2934 non
1665 2881 1836 2934 vultis

180 2971 380 3022 neque
417 2955 882 3022 publicationem
919 2957 1226 3018 bonorum,
1266 2957 1518 3010 liberetis
1555 2973 1648 3010 me
1683 2975 1718 3010 a
1749 2974 1836 3010 se-

179 3033 431 3086 curitate
469 3049 654 3100 quam
694 3033 862 3086 vobis
897 3031 1004 3086 feci
1037 3033 1110 3085 de
1135 3033 1512 3087 observandis
1547 3035 1832 3101 preceptis

179 3111 392 3162 vestris
431 3125 554 3177 que
593 3111 746 3162 bene
799 3110 1020 3163 servavi
1076 3121 1134 3163 et
1185 3110 1374 3163 adhuc
1431 3122 1663 3176 paratus
1703 3128 1830 3165 sum

177 3188 390 3240 audire
445 3195 511 3240 et
564 3183 878 3240 observare
929 3186 1079 3241 sicut
1131 3186 1360 3240 debebo
1413 3199 1473 3241 et
1523 3197 1746 3254 potere,
1784 3190 1831 3241 si

177 3264 438 3331 amplius
497 3264 670 3317 vultis
719 3263 892 3317 michi
947 3264 1268 3330 precipere:
1325 3263 1520 3316 debita
1573 3275 1834 3330 preterea

177 3358 308 3394 mea
345 3340 600 3394 solvatis
633 3341 682 3392 si
720 3342 876 3394 bona
913 3357 1044 3394 mea
1080 3349 1143 3394 ut
1167 3340 1456 3406 publicata
1489 3341 1721 3394 comuni
1749 3359 1832 3394 re-

179 3419 364 3471 tinere
405 3418 606 3472 vultis.
649 3419 723 3471 Et
759 3417 902 3484 quid
951 3433 1128 3482 super
1163 3417 1271 3470 hoc
1307 3416 1493 3470 facere
1529 3418 1700 3472 vultis
1736 3419 1832 3472 ha-

175 3495 363 3548 beatis
384 3493 702 3548 consilium
729 3503 788 3548 et
807 3493 976 3546 michi
1006 3493 1429 3559 respondeatis余
1453 3503 1509 3547 et
1535 3495 1644 3546 hoc
1667 3495 1832 3547 vobis

177 3572 504 3626 denuncio,
529 3571 761 3638 Quibus
785 3571 971 3624 taliter
997 3570 1306 3637 propositis
1325 3587 1358 3622 a
1379 3571 1534 3624 dicto
1551 3573 1831 3624 Anselmo

177 3649 492 3716 respondit
526 3650 719 3703 dictus
763 3655 1048 3714 potestas:
1097 3663 1214 3700 non
1249 3647 1382 3700 dico
1417 3649 1600 3710 vobiS,
1639 3665 1832 3714 neque

177 3727 296 3778 scio
335 3743 544 3794 neque
582 3727 757 3780 video
791 3723 954 3792 quod
1007 3724 1130 3779 sitis
1171 3725 1258 3778 vel
1295 3741 1414 3778 non
1452 3725 1508 3778 in
1545 3726 1740 3778 banno
1775 3734 1834 3779 et

178 3804 340 3869 quod
380 3804 548 3856 bona
573 3813 764 3856 vestra
787 3802 904 3856 sint
927 3801 1021 3855 vel
1055 3817 1174 3854 non
1211 3801 1528 3867 publicata余
1566 3803 1670 3856 sed
1695 3802 1832 3856 istut

178 3880 372 3932 solum
412 3879 555 3933 dico
592 3880 760 3933 vobis
807 3888 863 3932 et
899 3876 1074 3931 nichil
1110 3877 1250 3931 aliut
1285 3876 1490 3930 faciam
1529 3879 1634 3932 nisi
1669 3879 1830 3946 quod

179 3956 348 4009 vobis
387 3957 604 4010 faciam
663 3957 947 4010 rationem
995 3955 1267 4008 velociter
1303 3962 1359 4007 et
1394 3955 1527 4014 cito,
1567 3973 1683 4009 non
1721 3966 1832 4009 sta-

177 4042 305 4086 tuto
343 4035 556 4100 aliquo
592 4043 858 4100 tempore
912 4033 985 4086 ad
1037 4033 1165 4096 hoc,
1205 4041 1264 4086 et
1297 4033 1484 4084 creavi
1518 4033 1738 4086 bonum
1775 4042 1832 4086 et

181 4110 420 4164 fidelem
459 4110 756 4164 sindicum
807 4118 1044 4176 propter
1101 4111 1214 4162 hoc
1264 4117 1324 4162 et
1374 4108 1562 4162 habeo
1599 4110 1830 4176 plenam

181 4197 544 4253 potestatem
582 4204 617 4240 a
641 4187 878 4241 comuni
913 4185 1159 4239 faciendi
1195 4186 1362 4238 vobis
1380 4186 1676 4240 racionem
1714 4203 1832 4240 non

180 4265 460 4318 obstante
509 4264 712 4318 banno
759 4263 850 4318 vel
887 4263 1000 4316 alio
1036 4261 1475 4328 impedimento,
1518 4264 1590 4316 Et
1625 4279 1826 4329 supra-

179 4342 432 4408 scriptus
471 4341 796 4394 Anselmus
832 4338 1155 4406 respondit:
1199 4339 1468 4403 Domine,
1503 4340 1551 4392 si
1587 4340 1829 4402 habetiS

182 4417 403 4472 faciatis
443 4418 625 4471 michi
663 4417 894 4483 copiam
947 4425 1010 4470 ut
1062 4417 1280 4481 possim
1335 4415 1469 4468 inde
1505 4416 1717 4469 habere
1753 4416 1833 4468 in-

181 4503 582 4550 strumentum
620 4494 696 4548 ad
733 4495 844 4548 hoc
879 4493 1244 4560 probandum
1281 4493 1328 4546 si
1354 4509 1503 4558 opus
1538 4493 1722 4547 fuerit.
1761 4495 1832 4546 Et

180 4581 318 4626 tunc
357 4571 674 4638 respondit
697 4579 953 4638 potestas
977 4570 1298 4636 surgendo:
1339 4587 1456 4623 non
1481 4570 1707 4633 faciam,
1728 4571 1830 4624 sed

181 4649 476 4716 incipiatis
514 4665 754 4702 causam
792 4655 1040 4702 vestram
1079 4655 1136 4700 et
1170 4663 1242 4699 ea
1266 4647 1492 4712 incepta
1528 4647 1831 4700 ostendam

181 4727 346 4780 vobis
385 4727 621 4778 bonum
683 4725 1128 4778 instrumentum
1179 4738 1354 4789 super
1389 4725 1499 4776 hoc
1535 4733 1593 4776 et
1628 4723 1830 4776 faciam

181 4805 340 4870 quod
380 4802 648 4856 debebo
683 4803 756 4854 Et
791 4809 928 4854 tunc
954 4801 1060 4867 ipsi
1085 4800 1357 4866 potestati
1393 4800 1682 4853 recedenti
1709 4817 1834 4866 pre-

181 4880 326 4934 fatus
361 4879 695 4933 Anselmus
732 4877 877 4930 dixit
897 4885 1036 4930 tunc
1061 4877 1224 4930 tarde
1249 4885 1428 4930 esset:
1470 4894 1587 4929 non
1626 4888 1830 4943 reputo

182 4957 354 5011 michi
393 4954 785 5019 satisfactum,
841 4953 946 5006 sed
999 4953 1323 5020 procurabo
1365 4953 1454 5006 ius
1491 4970 1688 5006 meum
1727 4971 1833 5021 pro

183 5043 240 5086 ut
277 5033 502 5087 melius
539 5041 766 5099 potero,

243 5113 476 5166 Actum
513 5117 606 5162 est
643 5109 756 5162 hoc
790 5107 849 5160 in
885 5107 1108 5175 palacio
1151 5107 1418 5161 comunis
1453 5108 1761 5162 Cremone.

323 5243 462 5308 Ego
500 5237 864 5292 Guazolinus
887 5237 962 5290 de
985 5237 1240 5300 BotoniS
1260 5237 1652 5290 cremonensis
1689 5235 1832 5289 sacri

183 5319 378 5386 palatii
423 5316 711 5378 notarim,
749 5313 859 5367 hiis
893 5313 1168 5368 omnibus
1193 5314 1422 5367 interfui
1450 5323 1508 5366 et
1539 5315 1688 5366 hanc
1711 5331 1836 5366 car

181 5407 296 5450 tam
337 5403 592 5463 rogatus
629 5391 869 5446 feliciter
905 5390 1122 5457 scripsi.

309 5514 426 5584 (xl
467 5513 724 5566 intrante
759 5508 1062 5563 novembri
1098 5509 1206 5562 fuit
1239 5509 1434 5562 oblata
1470 5509 1758 5561 Cremone
1773 5507 1831 5575 ?).
1881 5546 1886 5555 .

2835 445 2950 452 -
2969 445 3209 452 m

1970 443 2146 450 ---
2167 445 2314 452 .-

2297 457 2306 460 -
2377 455 2386 460 .
2583 455 2774 462 -.-
2784 455 3268 462 --

1928 585 2022 646 70.
2207 587 2382 646 1230,
2430 587 2580 630 nov.
2650 587 2748 647 29,
2818 567 2954 638 IV,
3016 566 3093 630 in
3136 565 3351 650 burgo
3397 564 3554 629 Pla-

2011 659 2285 724 centiae.

2012 797 2104 860 A.
2151 798 2545 862 Salvaticus
2612 799 2973 862 constituit
3039 798 3351 880 quinque
3396 817 3552 878 pro-

1928 902 2284 954 curatores
2354 892 2471 973 qui
2537 894 3103 974 compromittant
3168 892 3239 954 in
3290 891 3552 954 Homo-

1928 986 2187 1046 bonum
2254 987 2659 1067 episcopum
2714 985 3097 1049 Cremonae
3145 994 3214 1047 et
3258 985 3552 1048 Bernar-

1930 1079 2093 1140 dum
2119 1079 2756 1143 RolandiniRubei
2779 1091 3198 1162 potestatem
3225 1079 3313 1140 de
3336 1077 3552 1140 omni-

1928 1174 2061 1234 bus
2085 1173 2387 1254 querelis
2412 1193 2585 1254 quas
2610 1172 2762 1254 ipse
2788 1184 2857 1236 et
2880 1159 3269 1236 conventus
3284 1171 3355 1236 S.
3368 1172 3553 1234 Sixti

1927 1267 2187 1329 habent
2231 1286 2390 1329 cum
2434 1267 2821 1330 Communi.

1931 1492 2014 1552 71.
2196 1494 2373 1550 1230,
2422 1471 2552 1535 dec.
2605 1493 2673 1552 7,
2745 1473 2895 1546 IV,
2964 1471 3156 1555 apud
3214 1470 3552 1534 ecclesiam

2015 1565 2417 1629 monasterii
2464 1565 2908 1630 Castelliomk.

2013 1705 2425 1768 Gruilielmus
2478 1704 2829 1766 Rocarius
2894 1703 3188 1767 clericus
3254 1703 3555 1786 porrigit

1929 1799 2167 1860 abbati
2214 1809 2283 1860 et
2322 1798 2538 1878 priori
2578 1799 2663 1860 de
2692 1797 3117 1860 Castelliono
3163 1798 3549 1879 epistolam,

1930 1912 2070 1973 qua
2113 1892 2329 1954 abbas
2375 1891 2443 1953 S.
2492 1890 2677 1954 Sixti
2720 1892 2913 1972 ipsos
2972 1903 3174 1974 rogat
3218 1901 3294 1953 ut
3338 1892 3553 1953 alium

1928 1985 2298 2047 terminum
2345 1994 2415 2047 et
2460 1985 2671 2047 aliurn
2728 1985 2961 2047 locum
3024 1994 3251 2047 tutum
3299 1985 3369 2046 in
3414 1985 3557 2065 pla-

1931 2079 2207 2141 centina
2270 2077 2573 2141 dioecesi
2626 2078 2759 2141 sibi
2808 2089 3131 2152 statuant,
3180 2099 3393 2160 quum
3438 2099 3555 2159 po-

1929 2183 2145 2235 testas
2208 2171 2590 2235 Cremonae
2648 2182 2716 2235 et
2776 2173 3060 2254 quidam
3129 2183 3551 2235 mercatores

1928 2287 2333 2349 parmenses
2399 2267 2619 2329 velint
2684 2267 2952 2329 sindico
2999 2287 3127 2329 suo
3180 2265 3409 2329 facere
3452 2266 3550 2327 111-

1928 2361 2179 2423 iuriam
2216 2361 2275 2422 si
2306 2361 2492 2441 apud
2522 2361 2834 2444 Burgum
2866 2361 2936 2424 S.
2962 2360 3223 2422 Donini
3254 2360 3553 2434 venerit余

1931 2466 2000 2517 et
2042 2455 2334 2516 latorem
2380 2454 2717 2534 epistolae
2762 2454 3124 2517 constituit
3153 2465 3555 2534 procurato-

1931 2568 2075 2610 rem
2108 2549 2197 2610 ad
2228 2549 2720 2629 appellandum
2747 2550 2834 2610 ad
2866 2547 3269 2630 pontificem
3302 2547 3359 2610 si
3393 2568 3548 2610 eum

1931 2663 2067 2704 non
2114 2641 2512 2704 exaudiant.

2476 2825 2564 2887 id.
2654 2825 2742 2889 id.

2017 2969 2431 3032 Guilielmus
2476 2965 2825 3027 Rocarius
2857 2965 3037 3027 iurat
3061 2966 3249 3047 quod
3283 2965 3377 3027 ita
3406 2974 3553 3026 erat

1933 3076 2008 3126 ut
2053 3064 2123 3126 in
2168 3060 2547 3144 praedictis
2593 3059 2841 3121 litteris
2878 3060 3293 3121 continetur.

1933 2852 2025 2912 72.
2073 2869 2155 2878 -
2210 2849 2385 2907 1230,

1933 3267 2025 3328 73.
2074 3285 2154 3294 --
2211 3269 2387 3326 1230,
2458 3247 2587 3311 dec.
2663 3253 2720 3320 8,
2787 3247 2926 3322 JV,
2984 3245 3175 3330 apud
3212 3243 3549 3309 ecclesiam

2027 3339 2470 3405 Castelliani.

2017 3477 2216 3539 Prior
2261 3475 2663 3539 monasterii
2708 3476 3015 3538 ostendit
3043 3476 3311 3539 litteras
3357 3495 3548 3556 prae-

1929 3569 2143 3651 positi
2186 3571 2571 3652 parmensis
2638 3571 2893 3652 quibus
2949 3569 3117 3632 dicit
3161 3589 3299 3631 non
3345 3589 3554 3650 posse

1933 3664 2171 3726 venire
2216 3665 2403 3745 apud
2446 3665 2761 3746 Burgum
2808 3664 2877 3726 S.
2923 3662 3204 3726 Donini.

2650 3848 2740 3914 id.

2016 3982 2219 4044 Prior
2260 3990 2329 4043 et
2377 3981 2592 4042 abbas
2632 3981 2871 4041 dicunt
2902 3979 3092 4062 quod
3138 3980 3382 4041 nolunt
3412 3997 3555 4040 mu-

1932 4086 2082 4137 tare
2125 4076 2384 4150 locum余
2432 4076 2615 4137 unde
2659 4082 3076 4154 procurator
3118 4075 3187 4136 S.
3222 4073 3406 4135 Sixti
3439 4091 3557 4153 ap-

1930 4168 2148 4250 pellat
2194 4171 2282 4231 ad
2326 4167 2750 4249 pontificem.

1933 3871 2027 3931 74.
2074 3887 2155 3898 --
2208 3871 2276 3914 12
2288 3872 2385 3929 30,
2474 3850 2563 3914 id.

1934 4391 2027 4453 75.
2083 4407 2153 4418 --
2214 4393 2361 4450 1231
2417 4375 2606 4454 (1230
2652 4370 2821 4452 ina),
2878 4369 3017 4434 ian.
3074 4391 3166 4450 13,
3216 4372 3349 4445 JV,
3398 4370 3559 4433 Pla-

2017 4466 2290 4538 centiae,
2338 4465 2409 4528 in
2456 4469 2646 4528 curte
2697 4464 3002 4548 episcopi.

2012 4606 2409 4686 Episcopus
2453 4603 2623 4666 dicit
2668 4604 2856 4684 quod
2889 4612 3245 4683 receperat
3288 4602 3557 4664 litteras

1933 4699 2245 4780 episcopi
2311 4709 2381 4760 et
2447 4698 2826 4778 praepositi
2874 4697 2943 4759 S.
2990 4697 3357 4759 Michaelis
3402 4696 3559 4760 Cre

1933 4815 2198 4866 monae,
2268 4793 2387 4876 qui
2445 4791 2779 4854 nunciant
2824 4789 3073 4852 fecisse
3126 4790 3316 4870 quod
3358 4809 3556 4870 prae-

1933 4899 2214 4970 ceperat
2273 4898 2342 4949 et
2400 4896 2654 4967 rogant
2719 4894 2796 4947 ut
2862 4884 3097 4946 mitius
3162 4896 3328 4966 agat
3396 4904 3553 4947 cum

1932 4981 2295 5045 Communi
2340 4990 2409 5042 et
2452 4990 2803 5060 potestate
2850 4977 3252 5043 Cremonae.

1933 5171 2029 5246 76.
2211 5187 2359 5244 1231
2414 5171 2603 5248 (1230
2648 5163 2822 5246 ina),
2870 5159 3021 5228 ian.
3060 5186 3156 5236 20,
3205 5163 3341 5236 IV,
3407 5161 3558 5227 Cre-

2018 5281 2275 5323 monae.

2015 5396 2411 5478 Episcopus
2472 5405 2540 5457 et
2586 5395 3031 5476 praepositus
3076 5397 3146 5458 S.
3192 5395 3556 5460 Michaelis

1932 5491 2285 5572 accipiunt
2330 5492 2417 5554 ab
2464 5490 2554 5552 A.
2614 5490 2973 5553 Salvatico
3040 5490 3405 5570 epistolam
3464 5511 3557 5554 ex
