<?xml version="1.0" encoding="UTF-8"?>
<!DOCTYPE html PUBLIC "-//W3C//DTD XHTML 1.0 Transitional//EN"
    "http://www.w3.org/TR/xhtml1/DTD/xhtml1-transitional.dtd">
<html xmlns="http://www.w3.org/1999/xhtml" xml:lang="en" lang="en">
 <head>
  <title>
</title>
<meta http-equiv="Content-Type" content="text/html;charset=utf-8" />
  <meta name='ocr-system' content='tesseract 3.04.00' />
  <meta name='ocr-capabilities' content='ocr_page ocr_carea ocr_par ocr_line ocrx_word'/>
</head>
<body>
  <div class='ocr_page' id='page_1' title='image "./historiaepatria00unkngoog_0091.png"; bbox 0 0 4050 6109; ppageno 0'>
   <div class='ocr_carea' id='block_1_1' title="bbox 671 286 1890 353">
    <p class='ocr_par' dir='ltr' id='par_1_1' title="bbox 671 286 1890 353">
     <span class='ocr_line' id='line_1_1' title="bbox 671 286 1890 353; baseline -0.004 -3"><span class='ocrx_word' id='word_1_1' title='bbox 671 302 845 351; x_wconf 83' lang='lat' dir='ltr'>LITE</span> <span class='ocrx_word' id='word_1_2' title='bbox 889 298 1036 348; x_wconf 70' lang='lat' dir='ltr'><strong>cox</strong></span> <span class='ocrx_word' id='word_1_3' title='bbox 1083 286 1411 353; x_wconf 79' lang='lat' dir='ltr'><strong>L’ABATE</strong></span> <span class='ocrx_word' id='word_1_4' title='bbox 1457 298 1536 345; x_wconf 85' lang='lat' dir='ltr'><strong>DI</strong></span> <span class='ocrx_word' id='word_1_5' title='bbox 1583 296 1638 345; x_wconf 90' lang='grc'>5.</span> <span class='ocrx_word' id='word_1_6' title='bbox 1685 294 1890 345; x_wconf 79' lang='grc'>51510</span> 
     </span>
    </p>
   </div>
   <div class='ocr_carea' id='block_1_2' title="bbox 576 423 801 431">
    <p class='ocr_par' dir='ltr' id='par_1_2' title="bbox 576 423 801 431">
     <span class='ocr_line' id='line_1_2' title="bbox 576 423 801 431; baseline 0 5678"><span class='ocrx_word' id='word_1_7' title='bbox 576 423 801 431; x_wconf 95' lang='lat' dir='ltr'><strong> </strong></span> 
     </span>
    </p>
   </div>
   <div class='ocr_carea' id='block_1_3' title="bbox 213 426 561 437">
    <p class='ocr_par' dir='ltr' id='par_1_3' title="bbox 213 426 561 437">
     <span class='ocr_line' id='line_1_3' title="bbox 213 426 561 437; baseline -0.006 -4"><span class='ocrx_word' id='word_1_8' title='bbox 213 426 561 437; x_wconf 60' lang='lat' dir='ltr'><strong>,—„—-q-—-——</strong></span> 
     </span>
    </p>
   </div>
   <div class='ocr_carea' id='block_1_4' title="bbox 1414 430 1819 439">
    <p class='ocr_par' dir='ltr' id='par_1_4' title="bbox 1414 430 1819 439">
     <span class='ocr_line' id='line_1_4' title="bbox 1414 430 1819 439; baseline 0 5670"><span class='ocrx_word' id='word_1_9' title='bbox 1414 430 1819 439; x_wconf 95' lang='lat' dir='ltr'><strong> </strong></span> 
     </span>
    </p>
   </div>
   <div class='ocr_carea' id='block_1_5' title="bbox 1275 432 1409 439">
    <p class='ocr_par' dir='ltr' id='par_1_5' title="bbox 1275 432 1409 439">
     <span class='ocr_line' id='line_1_5' title="bbox 1275 432 1409 439; baseline -0.007 -1"><span class='ocrx_word' id='word_1_10' title='bbox 1275 432 1409 439; x_wconf 54' lang='grc'><strong>*-</strong></span> 
     </span>
    </p>
   </div>
   <div class='ocr_carea' id='block_1_6' title="bbox 1061 434 1272 441">
    <p class='ocr_par' dir='ltr' id='par_1_6' title="bbox 1061 434 1272 441">
     <span class='ocr_line' id='line_1_6' title="bbox 1061 434 1272 441; baseline 0 5668"><span class='ocrx_word' id='word_1_11' title='bbox 1061 434 1272 441; x_wconf 95' lang='lat' dir='ltr'><strong> </strong></span> 
     </span>
    </p>
   </div>
   <div class='ocr_carea' id='block_1_7' title="bbox 207 538 1518 624">
    <p class='ocr_par' dir='ltr' id='par_1_7' title="bbox 207 538 1518 624">
     <span class='ocr_line' id='line_1_7' title="bbox 207 538 1518 624; baseline -0.007 -15"><span class='ocrx_word' id='word_1_12' title='bbox 207 551 294 624; x_wconf 82' lang='grc'><strong>85.</strong></span> <span class='ocrx_word' id='word_1_13' title='bbox 337 581 418 589; x_wconf 92' lang='lat'><strong>—-</strong></span> <span class='ocrx_word' id='word_1_14' title='bbox 475 562 658 613; x_wconf 86' lang='lat'><strong>1221,</strong></span> <span class='ocrx_word' id='word_1_15' title='bbox 709 539 800 604; x_wconf 78' lang='lat' dir='ltr'><strong>id.</strong></span> <span class='ocrx_word' id='word_1_16' title='bbox 848 538 938 603; x_wconf 79' lang='lat' dir='ltr'><strong>id.</strong></span> <span class='ocrx_word' id='word_1_17' title='bbox 985 538 1080 615; x_wconf 84' lang='lat' dir='ltr'><strong>A,</strong></span> <span class='ocrx_word' id='word_1_18' title='bbox 1136 560 1254 619; x_wconf 90' lang='lat'><strong>190</strong></span> <span class='ocrx_word' id='word_1_19' title='bbox 1297 558 1334 603; x_wconf 76' lang='lat' dir='ltr'><strong>e</strong></span> <span class='ocrx_word' id='word_1_20' title='bbox 1377 542 1518 603; x_wconf 79' lang='lat' dir='ltr'><strong>aut.</strong></span> 
     </span>
    </p>
   </div>
   <div class='ocr_carea' id='block_1_8' title="bbox 197 674 1839 1213">
    <p class='ocr_par' dir='ltr' id='par_1_8' title="bbox 197 674 1839 1213">
     <span class='ocr_line' id='line_1_8' title="bbox 279 674 1838 759; baseline -0.003 -18"><span class='ocrx_word' id='word_1_21' title='bbox 279 679 819 759; x_wconf 88' lang='lat' dir='ltr'><strong>Pandecampus</strong></span> <span class='ocrx_word' id='word_1_22' title='bbox 865 674 1174 739; x_wconf 84' lang='lat' dir='ltr'>extrahit</span> <span class='ocrx_word' id='word_1_23' title='bbox 1230 676 1318 738; x_wconf 91' lang='lat' dir='ltr'><strong>de</strong></span> <span class='ocrx_word' id='word_1_24' title='bbox 1363 674 1838 737; x_wconf 90' lang='lat' dir='ltr'><strong>excommuni-</strong></span> 
     </span>
     <span class='ocr_line' id='line_1_9' title="bbox 204 767 1839 837; baseline -0.002 -2"><span class='ocrx_word' id='word_1_25' title='bbox 204 773 470 837; x_wconf 81' lang='lat' dir='ltr'>catione</span> <span class='ocrx_word' id='word_1_26' title='bbox 516 780 586 835; x_wconf 90' lang='lat' dir='ltr'><strong>et</strong></span> <span class='ocrx_word' id='word_1_27' title='bbox 632 770 1012 833; x_wconf 90' lang='lat' dir='ltr'><strong>interdicto</strong></span> <span class='ocrx_word' id='word_1_28' title='bbox 1067 789 1362 833; x_wconf 91' lang='lat' dir='ltr'><strong>comune</strong></span> <span class='ocrx_word' id='word_1_29' title='bbox 1420 778 1491 832; x_wconf 98' lang='lat' dir='ltr'><strong>et</strong></span> <span class='ocrx_word' id='word_1_30' title='bbox 1534 767 1839 832; x_wconf 86' lang='lat' dir='ltr'><strong>restituit</strong></span> 
     </span>
     <span class='ocr_line' id='line_1_10' title="bbox 201 861 1836 945; baseline -0.001 -16"><span class='ocrx_word' id='word_1_31' title='bbox 201 868 507 931; x_wconf 79' lang='lat' dir='ltr'><strong>Vallotto</strong></span> <span class='ocrx_word' id='word_1_32' title='bbox 553 864 770 927; x_wconf 90' lang='lat' dir='ltr'><strong>iudici</strong></span> <span class='ocrx_word' id='word_1_33' title='bbox 816 874 888 928; x_wconf 96' lang='lat' dir='ltr'><strong>et</strong></span> <span class='ocrx_word' id='word_1_34' title='bbox 917 864 1185 927; x_wconf 90' lang='lat' dir='ltr'><strong>vicario</strong></span> <span class='ocrx_word' id='word_1_35' title='bbox 1229 861 1598 945; x_wconf 89' lang='lat' dir='ltr'><strong>potestatis</strong></span> <span class='ocrx_word' id='word_1_36' title='bbox 1643 871 1836 927; x_wconf 91' lang='lat' dir='ltr'><strong>tenu-</strong></span> 
     </span>
     <span class='ocr_line' id='line_1_11' title="bbox 201 956 1838 1039; baseline -0.002 -16"><span class='ocrx_word' id='word_1_37' title='bbox 201 974 332 1023; x_wconf 88' lang='lat' dir='ltr'><strong>tam</strong></span> <span class='ocrx_word' id='word_1_38' title='bbox 391 960 808 1023; x_wconf 79' lang='lat' dir='ltr'><strong>Guastallae</strong></span> <span class='ocrx_word' id='word_1_39' title='bbox 866 967 938 1023; x_wconf 91' lang='lat' dir='ltr'><strong>et</strong></span> <span class='ocrx_word' id='word_1_40' title='bbox 994 957 1328 1021; x_wconf 90' lang='lat' dir='ltr'><strong>Luzariae</strong></span> <span class='ocrx_word' id='word_1_41' title='bbox 1380 966 1450 1020; x_wconf 91' lang='lat' dir='ltr'><strong>et</strong></span> <span class='ocrx_word' id='word_1_42' title='bbox 1493 956 1838 1039; x_wconf 85' lang='lat' dir='ltr'><strong>praecipit</strong></span> 
     </span>
     <span class='ocr_line' id='line_1_12' title="bbox 197 1051 1832 1118; baseline -0.003 0"><span class='ocrx_word' id='word_1_43' title='bbox 197 1055 244 1118; x_wconf 94' lang='grc' dir='ltr'><strong>Ι.</strong></span> <span class='ocrx_word' id='word_1_44' title='bbox 288 1054 668 1117; x_wconf 77' lang='grc' dir='ltr'>8031οο510</span> <span class='ocrx_word' id='word_1_45' title='bbox 731 1052 1006 1115; x_wconf 90' lang='lat' dir='ltr'><strong>sindico</strong></span> <span class='ocrx_word' id='word_1_46' title='bbox 1075 1061 1150 1115; x_wconf 91' lang='lat' dir='ltr'><strong>ut</strong></span> <span class='ocrx_word' id='word_1_47' title='bbox 1217 1062 1332 1115; x_wconf 89' lang='lat' dir='ltr'><strong>eat</strong></span> <span class='ocrx_word' id='word_1_48' title='bbox 1384 1059 1455 1115; x_wconf 92' lang='lat' dir='ltr'><strong>et</strong></span> <span class='ocrx_word' id='word_1_49' title='bbox 1505 1051 1717 1115; x_wconf 84' lang='lat' dir='ltr'><strong>intret</strong></span> <span class='ocrx_word' id='word_1_50' title='bbox 1760 1052 1832 1113; x_wconf 95' lang='lat' dir='ltr'><strong>in</strong></span> 
     </span>
     <span class='ocr_line' id='line_1_13' title="bbox 201 1146 1140 1213; baseline -0.001 -3"><span class='ocrx_word' id='word_1_51' title='bbox 201 1160 502 1211; x_wconf 88' lang='lat' dir='ltr'><strong>tenutam</strong></span> <span class='ocrx_word' id='word_1_52' title='bbox 552 1149 642 1211; x_wconf 91' lang='lat' dir='ltr'><strong>de</strong></span> <span class='ocrx_word' id='word_1_53' title='bbox 689 1146 898 1213; x_wconf 82' lang='lat' dir='ltr'><strong>dictis</strong></span> <span class='ocrx_word' id='word_1_54' title='bbox 943 1146 1140 1210; x_wconf 90' lang='grc'>10015.</span> 
     </span>
    </p>
   </div>
   <div class='ocr_carea' id='block_1_9' title="bbox 1881 1085 1888 1355">
    <p class='ocr_par' dir='ltr' id='par_1_9' title="bbox 1881 1085 1888 1355">
     <span class='ocr_line' id='line_1_14' title="bbox 1881 1085 1888 1355; baseline 0 0"><span class='ocrx_word' id='word_1_55' title='bbox 1881 1085 1888 1355; x_wconf 95' lang='lat' dir='ltr'><strong> </strong></span> 
     </span>
    </p>
   </div>
   <div class='ocr_carea' id='block_1_10' title="bbox 197 1332 1834 1505">
    <p class='ocr_par' dir='ltr' id='par_1_10' title="bbox 197 1332 1834 1505">
     <span class='ocr_line' id='line_1_15' title="bbox 197 1332 1834 1419; baseline -0.003 -19"><span class='ocrx_word' id='word_1_56' title='bbox 197 1343 284 1401; x_wconf 83' lang='grc'><strong>86.</strong></span> <span class='ocrx_word' id='word_1_57' title='bbox 329 1375 412 1383; x_wconf 84' lang='lat'>—</span> <span class='ocrx_word' id='word_1_58' title='bbox 472 1358 626 1399; x_wconf 89' lang='lat'>1221</span> <span class='ocrx_word' id='word_1_59' title='bbox 681 1338 878 1418; x_wconf 90' lang='grc'>(1220</span> <span class='ocrx_word' id='word_1_60' title='bbox 922 1332 1093 1417; x_wconf 67' lang='lat' dir='ltr'><strong>ina),</strong></span> <span class='ocrx_word' id='word_1_61' title='bbox 1118 1332 1268 1419; x_wconf 76' lang='lat' dir='ltr'><strong>feb.</strong></span> <span class='ocrx_word' id='word_1_62' title='bbox 1303 1352 1360 1405; x_wconf 90' lang='grc'><strong>2,</strong></span> <span class='ocrx_word' id='word_1_63' title='bbox 1400 1332 1531 1407; x_wconf 87' lang='grc' dir='ltr'>ΙΧ,</span> <span class='ocrx_word' id='word_1_64' title='bbox 1575 1332 1834 1396; x_wconf 81' lang='lat' dir='ltr'><strong>Cremo·</strong></span> 
     </span>
     <span class='ocr_line' id='line_1_16' title="bbox 273 1430 1013 1505; baseline -0.004 -11"><span class='ocrx_word' id='word_1_65' title='bbox 273 1452 420 1495; x_wconf 80' lang='lat' dir='ltr'><strong>nac,</strong></span> <span class='ocrx_word' id='word_1_66' title='bbox 469 1430 568 1505; x_wconf 84' lang='lat' dir='ltr'><strong>A,</strong></span> <span class='ocrx_word' id='word_1_67' title='bbox 619 1450 740 1493; x_wconf 90' lang='grc'><strong>212</strong></span> <span class='ocrx_word' id='word_1_68' title='bbox 792 1449 828 1493; x_wconf 80' lang='lat' dir='ltr'><strong>c</strong></span> <span class='ocrx_word' id='word_1_69' title='bbox 871 1432 1013 1493; x_wconf 84' lang='lat' dir='ltr'><strong>aut.</strong></span> 
     </span>
    </p>
   </div>
   <div class='ocr_carea' id='block_1_11' title="bbox 189 1562 1886 2100">
    <p class='ocr_par' dir='ltr' id='par_1_11' title="bbox 189 1562 1886 2100">
     <span class='ocr_line' id='line_1_17' title="bbox 269 1562 1832 1649; baseline -0.003 -20"><span class='ocrx_word' id='word_1_70' title='bbox 269 1568 816 1648; x_wconf 87' lang='lat' dir='ltr'><strong>Pandecampus</strong></span> <span class='ocrx_word' id='word_1_71' title='bbox 849 1564 1108 1646; x_wconf 91' lang='lat' dir='ltr'><strong>accipit</strong></span> <span class='ocrx_word' id='word_1_72' title='bbox 1137 1564 1209 1626; x_wconf 94' lang='lat' dir='ltr'><strong>in</strong></span> <span class='ocrx_word' id='word_1_73' title='bbox 1235 1562 1559 1649; x_wconf 89' lang='lat' dir='ltr'><strong>deposito</strong></span> <span class='ocrx_word' id='word_1_74' title='bbox 1591 1582 1633 1625; x_wconf 98' lang='lat' dir='ltr'><strong>a</strong></span> <span class='ocrx_word' id='word_1_75' title='bbox 1656 1583 1832 1626; x_wconf 91' lang='lat' dir='ltr'><strong>mas-</strong></span> 
     </span>
     <span class='ocr_line' id='line_1_18' title="bbox 196 1656 1886 1741; baseline -0.002 -17"><span class='ocrx_word' id='word_1_76' title='bbox 196 1662 372 1724; x_wconf 87' lang='lat' dir='ltr'><strong>sario</strong></span> <span class='ocrx_word' id='word_1_77' title='bbox 401 1660 734 1725; x_wconf 89' lang='lat' dir='ltr'><strong>comunis</strong></span> <span class='ocrx_word' id='word_1_78' title='bbox 770 1681 850 1740; x_wconf 86' lang='lat'><strong>24</strong></span> <span class='ocrx_word' id='word_1_79' title='bbox 873 1658 1090 1723; x_wconf 89' lang='lat' dir='ltr'><strong>libras</strong></span> <span class='ocrx_word' id='word_1_80' title='bbox 1120 1657 1364 1741; x_wconf 91' lang='lat' dir='ltr'><strong>imper.</strong></span> <span class='ocrx_word' id='word_1_81' title='bbox 1391 1667 1461 1721; x_wconf 93' lang='lat' dir='ltr'><strong>et</strong></span> <span class='ocrx_word' id='word_1_82' title='bbox 1488 1656 1834 1740; x_wconf 89' lang='lat' dir='ltr'><strong>promittit</strong></span> <span class='ocrx_word' id='word_1_83' title='bbox 1881 1723 1886 1736; x_wconf 73' lang='grc'><strong>,</strong></span> 
     </span>
     <span class='ocr_line' id='line_1_19' title="bbox 193 1741 1886 1837; baseline -0.002 -19"><span class='ocrx_word' id='word_1_84' title='bbox 193 1756 374 1837; x_wconf 89' lang='lat' dir='ltr'><strong>quod</strong></span> <span class='ocrx_word' id='word_1_85' title='bbox 420 1754 756 1819; x_wconf 85' lang='lat' dir='ltr'><strong>restituet</strong></span> <span class='ocrx_word' id='word_1_86' title='bbox 799 1753 1128 1817; x_wconf 91' lang='lat' dir='ltr'><strong>denarios</strong></span> <span class='ocrx_word' id='word_1_87' title='bbox 1174 1772 1354 1835; x_wconf 92' lang='lat' dir='ltr'><strong>quos</strong></span> <span class='ocrx_word' id='word_1_88' title='bbox 1405 1772 1548 1815; x_wconf 91' lang='lat' dir='ltr'><strong>non</strong></span> <span class='ocrx_word' id='word_1_89' title='bbox 1590 1753 1836 1834; x_wconf 89' lang='lat' dir='ltr'><strong>proba·</strong></span> <span class='ocrx_word' id='word_1_90' title='bbox 1879 1741 1886 1801; x_wconf 72' lang='grc' dir='ltr'>ἷ</span> 
     </span>
     <span class='ocr_line' id='line_1_20' title="bbox 191 1808 1886 1976; baseline -0.001 -64"><span class='ocrx_word' id='word_1_91' title='bbox 191 1862 374 1912; x_wconf 87' lang='grc'>101111</span> <span class='ocrx_word' id='word_1_92' title='bbox 418 1851 516 1912; x_wconf 91' lang='lat' dir='ltr'><strong>ab</strong></span> <span class='ocrx_word' id='word_1_93' title='bbox 547 1850 808 1912; x_wconf 82' lang='lat' dir='ltr'><strong>abbate</strong></span> <span class='ocrx_word' id='word_1_94' title='bbox 853 1848 926 1911; x_wconf 89' lang='lat' dir='ltr'><strong>S.</strong></span> <span class='ocrx_word' id='word_1_95' title='bbox 957 1847 1143 1912; x_wconf 88' lang='lat' dir='ltr'><strong>Sixti</strong></span> <span class='ocrx_word' id='word_1_96' title='bbox 1184 1846 1685 1929; x_wconf 89' lang='lat' dir='ltr'><strong>expendidisse</strong></span> <span class='ocrx_word' id='word_1_97' title='bbox 1730 1865 1832 1910; x_wconf 90' lang='lat' dir='ltr'><strong>ra-</strong></span> <span class='ocrx_word' id='word_1_98' title='bbox 1879 1808 1886 1976; x_wconf 52' lang='grc' dir='ltr'><em>ἵ</em></span> 
     </span>
     <span class='ocr_line' id='line_1_21' title="bbox 189 1940 1833 2006; baseline -0.001 -1"><span class='ocrx_word' id='word_1_99' title='bbox 189 1944 621 2006; x_wconf 89' lang='lat' dir='ltr'><strong>tionabiliter</strong></span> <span class='ocrx_word' id='word_1_100' title='bbox 665 1942 738 2005; x_wconf 92' lang='lat' dir='ltr'><strong>in</strong></span> <span class='ocrx_word' id='word_1_101' title='bbox 783 1942 1111 2005; x_wconf 88' lang='lat' dir='ltr'><strong>habenda</strong></span> <span class='ocrx_word' id='word_1_102' title='bbox 1153 1949 1398 2005; x_wconf 89' lang='lat' dir='ltr'><strong>tenuta</strong></span> <span class='ocrx_word' id='word_1_103' title='bbox 1425 1940 1833 2005; x_wconf 85' lang='lat' dir='ltr'><strong>Guastallae</strong></span> 
     </span>
     <span class='ocr_line' id='line_1_22' title="bbox 191 2036 693 2100; baseline -0.002 0"><span class='ocrx_word' id='word_1_104' title='bbox 191 2048 252 2100; x_wconf 84' lang='lat' dir='ltr'><strong>et</strong></span> <span class='ocrx_word' id='word_1_105' title='bbox 293 2036 693 2100; x_wconf 88' lang='lat' dir='ltr'><strong>Luciariae.</strong></span> 
     </span>
    </p>
   </div>
   <div class='ocr_carea' id='block_1_12' title="bbox 187 2220 1831 2397">
    <p class='ocr_par' dir='ltr' id='par_1_12' title="bbox 187 2220 1831 2397">
     <span class='ocr_line' id='line_1_23' title="bbox 187 2220 1831 2307; baseline -0.002 -18"><span class='ocrx_word' id='word_1_106' title='bbox 187 2229 278 2305; x_wconf 83' lang='lat'><strong>87.</strong></span> <span class='ocrx_word' id='word_1_107' title='bbox 321 2262 408 2270; x_wconf 93' lang='lat'><strong>—</strong></span> <span class='ocrx_word' id='word_1_108' title='bbox 466 2244 623 2287; x_wconf 89' lang='lat'><strong>1221</strong></span> <span class='ocrx_word' id='word_1_109' title='bbox 679 2226 874 2307; x_wconf 88' lang='grc'>(1220</span> <span class='ocrx_word' id='word_1_110' title='bbox 919 2222 1089 2305; x_wconf 66' lang='lat' dir='ltr'><strong>ina),</strong></span> <span class='ocrx_word' id='word_1_111' title='bbox 1137 2225 1339 2287; x_wconf 77' lang='lat' dir='ltr'><strong>mart.</strong></span> <span class='ocrx_word' id='word_1_112' title='bbox 1390 2241 1445 2302; x_wconf 89' lang='lat'><strong>7,</strong></span> <span class='ocrx_word' id='word_1_113' title='bbox 1494 2221 1626 2297; x_wconf 88' lang='lat' dir='ltr'><strong>IX,</strong></span> <span class='ocrx_word' id='word_1_114' title='bbox 1681 2220 1831 2287; x_wconf 79' lang='lat' dir='ltr'><strong>Cre-</strong></span> 
     </span>
     <span class='ocr_line' id='line_1_24' title="bbox 267 2317 728 2397; baseline -0.002 -15"><span class='ocrx_word' id='word_1_115' title='bbox 267 2338 536 2382; x_wconf 78' lang='lat' dir='ltr'><strong>monae.</strong></span> <span class='ocrx_word' id='word_1_116' title='bbox 583 2317 728 2397; x_wconf 70' lang='lat' dir='ltr'><strong>Ap.</strong></span> 
     </span>
    </p>
   </div>
   <div class='ocr_carea' id='block_1_13' title="bbox 189 2450 1835 2802">
    <p class='ocr_par' dir='ltr' id='par_1_13' title="bbox 189 2450 1835 2802">
     <span class='ocr_line' id='line_1_25' title="bbox 263 2450 1833 2537; baseline -0.002 -19"><span class='ocrx_word' id='word_1_117' title='bbox 263 2455 706 2537; x_wconf 86' lang='lat' dir='ltr'><strong>Exemplum</strong></span> <span class='ocrx_word' id='word_1_118' title='bbox 750 2454 1140 2518; x_wconf 90' lang='lat' dir='ltr'><strong>litterarum</strong></span> <span class='ocrx_word' id='word_1_119' title='bbox 1185 2450 1463 2515; x_wconf 89' lang='lat' dir='ltr'><strong>abbatis</strong></span> <span class='ocrx_word' id='word_1_120' title='bbox 1509 2450 1579 2513; x_wconf 88' lang='lat' dir='ltr'><strong>S.</strong></span> <span class='ocrx_word' id='word_1_121' title='bbox 1615 2452 1833 2515; x_wconf 91' lang='lat' dir='ltr'><strong>Bene-</strong></span> 
     </span>
     <span class='ocr_line' id='line_1_26' title="bbox 189 2544 1834 2631; baseline -0.002 -20"><span class='ocrx_word' id='word_1_122' title='bbox 189 2548 350 2612; x_wconf 91' lang='lat' dir='ltr'><strong>dicti</strong></span> <span class='ocrx_word' id='word_1_123' title='bbox 399 2550 497 2611; x_wconf 91' lang='lat' dir='ltr'><strong>ad</strong></span> <span class='ocrx_word' id='word_1_124' title='bbox 544 2550 854 2631; x_wconf 90' lang='lat' dir='ltr'><strong>priorem</strong></span> <span class='ocrx_word' id='word_1_125' title='bbox 901 2550 988 2611; x_wconf 92' lang='lat' dir='ltr'><strong>de</strong></span> <span class='ocrx_word' id='word_1_126' title='bbox 1025 2544 1470 2612; x_wconf 89' lang='lat' dir='ltr'><strong>Columbario</strong></span> <span class='ocrx_word' id='word_1_127' title='bbox 1502 2558 1572 2609; x_wconf 89' lang='lat' dir='ltr'><strong>et</strong></span> <span class='ocrx_word' id='word_1_128' title='bbox 1613 2546 1834 2609; x_wconf 88' lang='lat' dir='ltr'><strong>archi-</strong></span> 
     </span>
     <span class='ocr_line' id='line_1_27' title="bbox 191 2639 1835 2727; baseline -0.001 -20"><span class='ocrx_word' id='word_1_129' title='bbox 191 2645 692 2727; x_wconf 85' lang='lat' dir='ltr'><strong>presbyterum</strong></span> <span class='ocrx_word' id='word_1_130' title='bbox 740 2642 1076 2715; x_wconf 91' lang='lat' dir='ltr'><strong>Mutinae,</strong></span> <span class='ocrx_word' id='word_1_131' title='bbox 1123 2640 1378 2724; x_wconf 92' lang='lat' dir='ltr'><strong>quibus</strong></span> <span class='ocrx_word' id='word_1_132' title='bbox 1421 2639 1614 2703; x_wconf 90' lang='lat' dir='ltr'><strong>vices</strong></span> <span class='ocrx_word' id='word_1_133' title='bbox 1671 2660 1835 2705; x_wconf 87' lang='lat' dir='ltr'><strong>suas</strong></span> 
     </span>
     <span class='ocr_line' id='line_1_28' title="bbox 189 2730 1234 2802; baseline -0.001 -2"><span class='ocrx_word' id='word_1_134' title='bbox 189 2737 569 2802; x_wconf 88' lang='lat' dir='ltr'><strong>committit</strong></span> <span class='ocrx_word' id='word_1_135' title='bbox 613 2736 812 2799; x_wconf 90' lang='lat' dir='ltr'><strong>fratri</strong></span> <span class='ocrx_word' id='word_1_136' title='bbox 855 2730 1234 2801; x_wconf 76' lang='lat' dir='ltr'><strong>Riccardo‘.</strong></span> 
     </span>
    </p>
   </div>
   <div class='ocr_carea' id='block_1_14' title="bbox 186 2942 1830 3123">
    <p class='ocr_par' dir='ltr' id='par_1_14' title="bbox 186 2942 1830 3123">
     <span class='ocr_line' id='line_1_29' title="bbox 186 2942 1830 3020; baseline 0 -11"><span class='ocrx_word' id='word_1_137' title='bbox 186 2950 276 3009; x_wconf 83' lang='lat'><strong>88.</strong></span> <span class='ocrx_word' id='word_1_138' title='bbox 323 2982 412 2991; x_wconf 92' lang='lat'><strong>—</strong></span> <span class='ocrx_word' id='word_1_139' title='bbox 469 2962 657 3019; x_wconf 88' lang='lat'><strong>1221,</strong></span> <span class='ocrx_word' id='word_1_140' title='bbox 705 2949 908 3008; x_wconf 77' lang='lat' dir='ltr'><strong>mart.</strong></span> <span class='ocrx_word' id='word_1_141' title='bbox 956 2950 1014 3019; x_wconf 88' lang='grc'><strong>8,</strong></span> <span class='ocrx_word' id='word_1_142' title='bbox 1063 2944 1194 3020; x_wconf 87' lang='grc' dir='ltr'><strong>ῘΧ,</strong></span> <span class='ocrx_word' id='word_1_143' title='bbox 1255 2942 1330 3008; x_wconf 80' lang='lat' dir='ltr'><strong>in</strong></span> <span class='ocrx_word' id='word_1_144' title='bbox 1387 2944 1684 3009; x_wconf 83' lang='lat' dir='ltr'><strong>claustro</strong></span> <span class='ocrx_word' id='word_1_145' title='bbox 1727 2966 1830 3009; x_wconf 85' lang='lat' dir='ltr'><strong>ca-</strong></span> 
     </span>
     <span class='ocr_line' id='line_1_30' title="bbox 267 3037 1744 3123; baseline 0.001 -22"><span class='ocrx_word' id='word_1_146' title='bbox 267 3037 563 3103; x_wconf 79' lang='lat' dir='ltr'><strong>nonicae</strong></span> <span class='ocrx_word' id='word_1_147' title='bbox 607 3038 688 3103; x_wconf 73' lang='lat' dir='ltr'><strong>dc</strong></span> <span class='ocrx_word' id='word_1_148' title='bbox 744 3040 982 3123; x_wconf 79' lang='lat' dir='ltr'><strong>Carpo,</strong></span> <span class='ocrx_word' id='word_1_149' title='bbox 1029 3038 1123 3115; x_wconf 78' lang='lat' dir='ltr'><strong>A,</strong></span> <span class='ocrx_word' id='word_1_150' title='bbox 1174 3059 1316 3119; x_wconf 82' lang='lat'><strong>231,</strong></span> <span class='ocrx_word' id='word_1_151' title='bbox 1358 3058 1480 3119; x_wconf 82' lang='grc'><strong>259</strong></span> <span class='ocrx_word' id='word_1_152' title='bbox 1525 3060 1560 3104; x_wconf 76' lang='lat' dir='ltr'><strong>e:</strong></span> <span class='ocrx_word' id='word_1_153' title='bbox 1602 3043 1744 3103; x_wconf 81' lang='lat' dir='ltr'><strong>aut.</strong></span> 
     </span>
    </p>
   </div>
   <div class='ocr_carea' id='block_1_15' title="bbox 183 3175 1830 3635">
    <p class='ocr_par' dir='ltr' id='par_1_15' title="bbox 183 3175 1830 3635">
     <span class='ocr_line' id='line_1_31' title="bbox 263 3175 1828 3260; baseline 0.001 -21"><span class='ocrx_word' id='word_1_154' title='bbox 263 3178 746 3259; x_wconf 88' lang='lat' dir='ltr'><strong>Praeceptum</strong></span> <span class='ocrx_word' id='word_1_155' title='bbox 791 3175 1054 3239; x_wconf 89' lang='lat' dir='ltr'><strong>factum</strong></span> <span class='ocrx_word' id='word_1_156' title='bbox 1098 3197 1228 3259; x_wconf 90' lang='lat' dir='ltr'><strong>per</strong></span> <span class='ocrx_word' id='word_1_157' title='bbox 1269 3178 1828 3260; x_wconf 89' lang='lat' dir='ltr'><strong>Pandecampum</strong></span> 
     </span>
     <span class='ocr_line' id='line_1_32' title="bbox 183 3270 1828 3353; baseline 0.001 -20"><span class='ocrx_word' id='word_1_158' title='bbox 183 3282 248 3334; x_wconf 86' lang='lat' dir='ltr'><strong>et</strong></span> <span class='ocrx_word' id='word_1_159' title='bbox 277 3272 672 3335; x_wconf 88' lang='lat' dir='ltr'><strong>Rusticum</strong></span> <span class='ocrx_word' id='word_1_160' title='bbox 719 3280 789 3334; x_wconf 96' lang='lat' dir='ltr'><strong>et</strong></span> <span class='ocrx_word' id='word_1_161' title='bbox 825 3270 1225 3353; x_wconf 88' lang='lat' dir='ltr'><strong>delegatum</strong></span> <span class='ocrx_word' id='word_1_162' title='bbox 1271 3272 1546 3335; x_wconf 89' lang='lat' dir='ltr'><strong>abbatis</strong></span> <span class='ocrx_word' id='word_1_163' title='bbox 1592 3273 1662 3336; x_wconf 87' lang='lat' dir='ltr'><strong>S.</strong></span> <span class='ocrx_word' id='word_1_164' title='bbox 1700 3272 1828 3335; x_wconf 93' lang='lat' dir='ltr'><strong>Be-</strong></span> 
     </span>
     <span class='ocr_line' id='line_1_33' title="bbox 183 3364 1829 3437; baseline 0.002 -10"><span class='ocrx_word' id='word_1_165' title='bbox 183 3366 443 3429; x_wconf 91' lang='lat' dir='ltr'><strong>nedicti</strong></span> <span class='ocrx_word' id='word_1_166' title='bbox 471 3366 879 3428; x_wconf 90' lang='lat' dir='ltr'><strong>Petrobono</strong></span> <span class='ocrx_word' id='word_1_167' title='bbox 921 3366 1379 3437; x_wconf 87' lang='lat' dir='ltr'><strong>cremonensi,</strong></span> <span class='ocrx_word' id='word_1_168' title='bbox 1419 3375 1496 3429; x_wconf 90' lang='lat' dir='ltr'><strong>ut</strong></span> <span class='ocrx_word' id='word_1_169' title='bbox 1521 3364 1829 3430; x_wconf 89' lang='lat' dir='ltr'><strong>sindicus</strong></span> 
     </span>
     <span class='ocr_line' id='line_1_34' title="bbox 183 3458 1830 3543; baseline 0.002 -20"><span class='ocrx_word' id='word_1_170' title='bbox 183 3460 574 3523; x_wconf 90' lang='lat' dir='ltr'><strong>Cremonae</strong></span> <span class='ocrx_word' id='word_1_171' title='bbox 609 3479 846 3522; x_wconf 89' lang='lat' dir='ltr'><strong>coram</strong></span> <span class='ocrx_word' id='word_1_172' title='bbox 877 3460 1154 3523; x_wconf 90' lang='lat' dir='ltr'><strong>duobus</strong></span> <span class='ocrx_word' id='word_1_173' title='bbox 1183 3458 1428 3541; x_wconf 88' lang='lat' dir='ltr'><strong>primis</strong></span> <span class='ocrx_word' id='word_1_174' title='bbox 1459 3480 1534 3522; x_wconf 93' lang='lat' dir='ltr'><strong>se</strong></span> <span class='ocrx_word' id='word_1_175' title='bbox 1558 3479 1830 3543; x_wconf 88' lang='lat' dir='ltr'><strong>reprae-</strong></span> 
     </span>
     <span class='ocr_line' id='line_1_35' title="bbox 185 3554 1544 3635; baseline 0.001 -19"><span class='ocrx_word' id='word_1_176' title='bbox 185 3564 412 3618; x_wconf 90' lang='lat' dir='ltr'><strong>sentet</strong></span> <span class='ocrx_word' id='word_1_177' title='bbox 459 3554 717 3617; x_wconf 89' lang='lat' dir='ltr'><strong>eodem</strong></span> <span class='ocrx_word' id='word_1_178' title='bbox 763 3554 898 3626; x_wconf 88' lang='lat' dir='ltr'><strong>die,</strong></span> <span class='ocrx_word' id='word_1_179' title='bbox 947 3554 1136 3635; x_wconf 86' lang='lat' dir='ltr'><strong>apud</strong></span> <span class='ocrx_word' id='word_1_180' title='bbox 1179 3554 1544 3617; x_wconf 90' lang='lat' dir='ltr'><strong>Mutinam.</strong></span> 
     </span>
    </p>
   </div>
   <div class='ocr_carea' id='block_1_16' title="bbox 182 3757 1764 3846">
    <p class='ocr_par' dir='ltr' id='par_1_16' title="bbox 182 3757 1764 3846">
     <span class='ocr_line' id='line_1_36' title="bbox 182 3757 1764 3846; baseline 0.001 -23"><span class='ocrx_word' id='word_1_181' title='bbox 182 3762 274 3837; x_wconf 86' lang='lat'><strong>89.</strong></span> <span class='ocrx_word' id='word_1_182' title='bbox 319 3770 404 3805; x_wconf 79' lang='lat'><strong>&#39;—</strong></span> <span class='ocrx_word' id='word_1_183' title='bbox 464 3778 651 3833; x_wconf 90' lang='lat'><strong>1221,</strong></span> <span class='ocrx_word' id='word_1_184' title='bbox 699 3761 900 3821; x_wconf 78' lang='lat' dir='ltr'><strong>mart.</strong></span> <span class='ocrx_word' id='word_1_185' title='bbox 950 3778 1008 3837; x_wconf 85' lang='lat'><strong>9,</strong></span> <span class='ocrx_word' id='word_1_186' title='bbox 1054 3758 1188 3833; x_wconf 88' lang='lat' dir='ltr'><strong>IX,</strong></span> <span class='ocrx_word' id='word_1_187' title='bbox 1236 3757 1576 3823; x_wconf 51' lang='lat' dir='ltr'><strong>illutinac.</strong></span> <span class='ocrx_word' id='word_1_188' title='bbox 1623 3759 1764 3846; x_wconf 80' lang='lat' dir='ltr'><strong>Ap.</strong></span> 
     </span>
    </p>
   </div>
   <div class='ocr_carea' id='block_1_17' title="bbox 181 3894 1828 4259">
    <p class='ocr_par' dir='ltr' id='par_1_17' title="bbox 181 3894 1828 4259">
     <span class='ocr_line' id='line_1_37' title="bbox 261 3894 1828 3979; baseline 0.003 -22"><span class='ocrx_word' id='word_1_189' title='bbox 261 3895 702 3976; x_wconf 83' lang='lat' dir='ltr'><strong>Exemplum</strong></span> <span class='ocrx_word' id='word_1_190' title='bbox 785 3894 1124 3976; x_wconf 88' lang='lat' dir='ltr'><strong>epistolae</strong></span> <span class='ocrx_word' id='word_1_191' title='bbox 1181 3894 1668 3979; x_wconf 58' lang='lat' dir='ltr'><strong>„Pandecampi</strong></span> <span class='ocrx_word' id='word_1_192' title='bbox 1739 3900 1828 3961; x_wconf 89' lang='lat' dir='ltr'><strong>ad</strong></span> 
     </span>
     <span class='ocr_line' id='line_1_38' title="bbox 183 3987 1826 4073; baseline 0.002 -22"><span class='ocrx_word' id='word_1_193' title='bbox 183 3991 496 4070; x_wconf 87' lang='lat' dir='ltr'><strong>priorem</strong></span> <span class='ocrx_word' id='word_1_194' title='bbox 543 3989 632 4051; x_wconf 91' lang='lat' dir='ltr'><strong>de</strong></span> <span class='ocrx_word' id='word_1_195' title='bbox 677 3987 1126 4053; x_wconf 86' lang='lat' dir='ltr'><strong>Columbario</strong></span> <span class='ocrx_word' id='word_1_196' title='bbox 1179 3999 1250 4051; x_wconf 94' lang='lat' dir='ltr'><strong>et</strong></span> <span class='ocrx_word' id='word_1_197' title='bbox 1293 3990 1382 4051; x_wconf 90' lang='lat' dir='ltr'><strong>ad</strong></span> <span class='ocrx_word' id='word_1_198' title='bbox 1427 3991 1826 4073; x_wconf 88' lang='lat' dir='ltr'><strong>delegatum</strong></span> 
     </span>
     <span class='ocr_line' id='line_1_39' title="bbox 183 4082 1825 4164; baseline 0.004 -21"><span class='ocrx_word' id='word_1_199' title='bbox 183 4084 460 4146; x_wconf 88' lang='lat' dir='ltr'><strong>abbatis</strong></span> <span class='ocrx_word' id='word_1_200' title='bbox 526 4083 599 4145; x_wconf 90' lang='lat' dir='ltr'><strong>S.</strong></span> <span class='ocrx_word' id='word_1_201' title='bbox 661 4082 1061 4161; x_wconf 86' lang='lat' dir='ltr'><strong>Benedicti,</strong></span> <span class='ocrx_word' id='word_1_202' title='bbox 1123 4102 1266 4164; x_wconf 90' lang='lat' dir='ltr'><strong>qua</strong></span> <span class='ocrx_word' id='word_1_203' title='bbox 1322 4082 1632 4149; x_wconf 90' lang='lat' dir='ltr'><strong>declarat</strong></span> <span class='ocrx_word' id='word_1_204' title='bbox 1688 4106 1825 4149; x_wconf 94' lang='lat' dir='ltr'><strong>non</strong></span> 
     </span>
     <span class='ocr_line' id='line_1_40' title="bbox 181 4176 1180 4259; baseline -0.002 -19"><span class='ocrx_word' id='word_1_205' title='bbox 181 4198 387 4259; x_wconf 90' lang='lat' dir='ltr'><strong>posse</strong></span> <span class='ocrx_word' id='word_1_206' title='bbox 435 4176 786 4239; x_wconf 87' lang='lat' dir='ltr'><strong>interesse</strong></span> <span class='ocrx_word' id='word_1_207' title='bbox 832 4176 904 4239; x_wconf 92' lang='lat' dir='ltr'><strong>in</strong></span> <span class='ocrx_word' id='word_1_208' title='bbox 950 4196 1180 4240; x_wconf 89' lang='lat' dir='ltr'><strong>causa.</strong></span> 
     </span>
    </p>
   </div>
   <div class='ocr_carea' id='block_1_18' title="bbox 183 4380 1829 4465">
    <p class='ocr_par' dir='ltr' id='par_1_18' title="bbox 183 4380 1829 4465">
     <span class='ocr_line' id='line_1_41' title="bbox 183 4380 1829 4465; baseline 0.002 -19"><span class='ocrx_word' id='word_1_209' title='bbox 183 4402 272 4460; x_wconf 88' lang='lat'><strong>90.</strong></span> <span class='ocrx_word' id='word_1_210' title='bbox 319 4420 406 4429; x_wconf 93' lang='lat'><strong>—-</strong></span> <span class='ocrx_word' id='word_1_211' title='bbox 468 4402 650 4457; x_wconf 87' lang='lat'><strong>1221,</strong></span> <span class='ocrx_word' id='word_1_212' title='bbox 699 4380 788 4445; x_wconf 76' lang='lat' dir='ltr'><strong>id.</strong></span> <span class='ocrx_word' id='word_1_213' title='bbox 836 4381 925 4446; x_wconf 82' lang='lat' dir='ltr'><strong>id.</strong></span> <span class='ocrx_word' id='word_1_214' title='bbox 971 4382 1148 4446; x_wconf 75' lang='lat' dir='ltr'><strong>Aut.</strong></span> <span class='ocrx_word' id='word_1_215' title='bbox 1196 4382 1284 4445; x_wconf 82' lang='lat' dir='ltr'><strong>ed</strong></span> <span class='ocrx_word' id='word_1_216' title='bbox 1321 4382 1414 4455; x_wconf 84' lang='lat' dir='ltr'><strong>A,</strong></span> <span class='ocrx_word' id='word_1_217' title='bbox 1468 4404 1602 4456; x_wconf 92' lang='grc'>112,</span> <span class='ocrx_word' id='word_1_218' title='bbox 1648 4404 1759 4465; x_wconf 88' lang='grc'><strong>197</strong></span> <span class='ocrx_word' id='word_1_219' title='bbox 1794 4407 1829 4449; x_wconf 79' lang='lat' dir='ltr'><strong>e</strong></span> 
     </span>
    </p>
   </div>
   <div class='ocr_carea' id='block_1_19' title="bbox 262 4476 1834 4655">
    <p class='ocr_par' dir='ltr' id='par_1_19' title="bbox 262 4476 1834 4655">
     <span class='ocr_line' id='line_1_42' title="bbox 266 4476 1834 4560; baseline 0.003 -21"><span class='ocrx_word' id='word_1_220' title='bbox 266 4498 296 4539; x_wconf 93' lang='grc'>2</span> <span class='ocrx_word' id='word_1_221' title='bbox 306 4496 410 4557; x_wconf 78' lang='grc'>52.</span> <span class='ocrx_word' id='word_1_222' title='bbox 475 4476 588 4559; x_wconf 86' lang='lat' dir='ltr'><strong>(In</strong></span> <span class='ocrx_word' id='word_1_223' title='bbox 633 4476 1089 4560; x_wconf 79' lang='lat' dir='ltr'><strong>quest&#39;ullz&#39;mo</strong></span> <span class='ocrx_word' id='word_1_224' title='bbox 1151 4496 1435 4541; x_wconf 77' lang='lat' dir='ltr'><strong>numero</strong></span> <span class='ocrx_word' id='word_1_225' title='bbox 1495 4499 1734 4543; x_wconf 81' lang='lat' dir='ltr'><strong>manca</strong></span> <span class='ocrx_word' id='word_1_226' title='bbox 1777 4480 1834 4543; x_wconf 77' lang='grc' dir='ltr'><strong>τί</strong></span> 
     </span>
     <span class='ocr_line' id='line_1_43' title="bbox 262 4568 1049 4655; baseline 0 -22"><span class='ocrx_word' id='word_1_227' title='bbox 262 4569 490 4634; x_wconf 74' lang='lat' dir='ltr'><strong>libello</strong></span> <span class='ocrx_word' id='word_1_228' title='bbox 537 4568 616 4632; x_wconf 76' lang='lat' dir='ltr'><strong>a&#39;z·</strong></span> <span class='ocrx_word' id='word_1_229' title='bbox 663 4568 1049 4655; x_wconf 81' lang='lat' dir='ltr'><strong>Gandolfo).</strong></span> 
     </span>
    </p>
   </div>
   <div class='ocr_carea' id='block_1_20' title="bbox 181 4706 1827 5538">
    <p class='ocr_par' dir='ltr' id='par_1_20' title="bbox 181 4706 1827 5538">
     <span class='ocr_line' id='line_1_44' title="bbox 261 4706 1827 4783; baseline 0.002 -12"><span class='ocrx_word' id='word_1_230' title='bbox 261 4706 691 4783; x_wconf 82' lang='lat' dir='ltr'><strong>Gandulqu‚</strong></span> <span class='ocrx_word' id='word_1_231' title='bbox 752 4707 974 4770; x_wconf 86' lang='lat' dir='ltr'><strong>abbas</strong></span> <span class='ocrx_word' id='word_1_232' title='bbox 1026 4708 1096 4770; x_wconf 86' lang='lat' dir='ltr'><strong>S.</strong></span> <span class='ocrx_word' id='word_1_233' title='bbox 1146 4708 1352 4781; x_wconf 89' lang='lat' dir='ltr'><strong>Sixti‚</strong></span> <span class='ocrx_word' id='word_1_234' title='bbox 1399 4708 1702 4772; x_wconf 90' lang='lat' dir='ltr'><strong>Rustico</strong></span> <span class='ocrx_word' id='word_1_235' title='bbox 1757 4721 1827 4774; x_wconf 88' lang='lat' dir='ltr'><strong>et</strong></span> 
     </span>
     <span class='ocr_line' id='line_1_45' title="bbox 183 4801 1824 4885; baseline 0.002 -22"><span class='ocrx_word' id='word_1_236' title='bbox 183 4803 514 4885; x_wconf 86' lang='lat' dir='ltr'><strong>delegato</strong></span> <span class='ocrx_word' id='word_1_237' title='bbox 561 4802 652 4864; x_wconf 90' lang='lat' dir='ltr'><strong>ab</strong></span> <span class='ocrx_word' id='word_1_238' title='bbox 698 4802 956 4863; x_wconf 89' lang='lat' dir='ltr'><strong>abbate</strong></span> <span class='ocrx_word' id='word_1_239' title='bbox 999 4801 1071 4863; x_wconf 85' lang='lat' dir='ltr'><strong>S.</strong></span> <span class='ocrx_word' id='word_1_240' title='bbox 1103 4802 1468 4865; x_wconf 91' lang='lat' dir='ltr'><strong>Benedicti</strong></span> <span class='ocrx_word' id='word_1_241' title='bbox 1513 4802 1824 4867; x_wconf 91' lang='lat' dir='ltr'><strong>libellum</strong></span> 
     </span>
     <span class='ocr_line' id='line_1_46' title="bbox 183 4893 1826 4977; baseline 0.002 -20"><span class='ocrx_word' id='word_1_242' title='bbox 183 4898 312 4969; x_wconf 88' lang='lat' dir='ltr'><strong>dat,</strong></span> <span class='ocrx_word' id='word_1_243' title='bbox 363 4914 586 4977; x_wconf 90' lang='lat' dir='ltr'><strong>quem</strong></span> <span class='ocrx_word' id='word_1_244' title='bbox 633 4893 933 4957; x_wconf 85' lang='lat' dir='ltr'><strong>afferunt</strong></span> <span class='ocrx_word' id='word_1_245' title='bbox 979 4894 1250 4959; x_wconf 91' lang='lat' dir='ltr'><strong>sindico</strong></span> <span class='ocrx_word' id='word_1_246' title='bbox 1307 4895 1708 4968; x_wconf 86' lang='lat' dir='ltr'><strong>Cremonae,</strong></span> <span class='ocrx_word' id='word_1_247' title='bbox 1756 4909 1826 4960; x_wconf 93' lang='lat' dir='ltr'><strong>et</strong></span> 
     </span>
     <span class='ocr_line' id='line_1_47' title="bbox 181 4988 1825 5071; baseline 0.002 -20"><span class='ocrx_word' id='word_1_248' title='bbox 181 4992 340 5052; x_wconf 87' lang='lat' dir='ltr'><strong>dant</strong></span> <span class='ocrx_word' id='word_1_249' title='bbox 371 4988 444 5052; x_wconf 93' lang='lat' dir='ltr'><strong>ei</strong></span> <span class='ocrx_word' id='word_1_250' title='bbox 477 4988 888 5051; x_wconf 89' lang='lat' dir='ltr'><strong>dilationem</strong></span> <span class='ocrx_word' id='word_1_251' title='bbox 927 4990 1020 5052; x_wconf 91' lang='lat' dir='ltr'><strong>ad</strong></span> <span class='ocrx_word' id='word_1_252' title='bbox 1047 4992 1544 5071; x_wconf 89' lang='lat' dir='ltr'><strong>proponendas</strong></span> <span class='ocrx_word' id='word_1_253' title='bbox 1582 5010 1825 5054; x_wconf 91' lang='lat' dir='ltr'><strong>omnes</strong></span> 
     </span>
     <span class='ocr_line' id='line_1_48' title="bbox 181 5083 1825 5165; baseline 0.002 -20"><span class='ocrx_word' id='word_1_254' title='bbox 181 5083 644 5165; x_wconf 84' lang='lat' dir='ltr'><strong>exceptiones</strong></span> <span class='ocrx_word' id='word_1_255' title='bbox 690 5092 758 5145; x_wconf 95' lang='lat' dir='ltr'><strong>et</strong></span> <span class='ocrx_word' id='word_1_256' title='bbox 796 5084 886 5145; x_wconf 88' lang='lat' dir='ltr'><strong>ad</strong></span> <span class='ocrx_word' id='word_1_257' title='bbox 919 5083 1448 5155; x_wconf 84' lang='lat' dir='ltr'><strong>deliberandum</strong></span> <span class='ocrx_word' id='word_1_258' title='bbox 1493 5104 1705 5165; x_wconf 90' lang='lat' dir='ltr'><strong>super</strong></span> <span class='ocrx_word' id='word_1_259' title='bbox 1749 5085 1825 5148; x_wconf 91' lang='lat' dir='ltr'><strong>li-</strong></span> 
     </span>
     <span class='ocr_line' id='line_1_49' title="bbox 183 5176 1826 5260; baseline 0.002 -21"><span class='ocrx_word' id='word_1_260' title='bbox 183 5178 362 5240; x_wconf 87' lang='lat' dir='ltr'><strong>bello</strong></span> <span class='ocrx_word' id='word_1_261' title='bbox 413 5195 645 5257; x_wconf 89' lang='lat' dir='ltr'><strong>usque</strong></span> <span class='ocrx_word' id='word_1_262' title='bbox 689 5176 780 5238; x_wconf 93' lang='lat' dir='ltr'><strong>ad</strong></span> <span class='ocrx_word' id='word_1_263' title='bbox 824 5176 1012 5239; x_wconf 90' lang='lat' dir='ltr'><strong>diem</strong></span> <span class='ocrx_word' id='word_1_264' title='bbox 1054 5177 1238 5239; x_wconf 90' lang='lat' dir='ltr'><strong>iovis</strong></span> <span class='ocrx_word' id='word_1_265' title='bbox 1291 5187 1453 5258; x_wconf 91' lang='lat' dir='ltr'><strong>post</strong></span> <span class='ocrx_word' id='word_1_266' title='bbox 1506 5178 1826 5260; x_wconf 90' lang='lat' dir='ltr'><strong>quintum</strong></span> 
     </span>
     <span class='ocr_line' id='line_1_50' title="bbox 183 5268 1824 5354; baseline 0.002 -22"><span class='ocrx_word' id='word_1_267' title='bbox 183 5271 536 5335; x_wconf 88' lang='lat' dir='ltr'><strong>decimum</strong></span> <span class='ocrx_word' id='word_1_268' title='bbox 583 5268 768 5331; x_wconf 90' lang='lat' dir='ltr'><strong>diem</strong></span> <span class='ocrx_word' id='word_1_269' title='bbox 813 5270 1126 5333; x_wconf 85' lang='lat' dir='ltr'><strong>Paschae</strong></span> <span class='ocrx_word' id='word_1_270' title='bbox 1170 5270 1596 5353; x_wconf 90' lang='lat' dir='ltr'><strong>proximum,</strong></span> <span class='ocrx_word' id='word_1_271' title='bbox 1628 5292 1824 5354; x_wconf 90' lang='lat' dir='ltr'><strong>prae-</strong></span> 
     </span>
     <span class='ocr_line' id='line_1_51' title="bbox 183 5362 1826 5447; baseline 0.001 -20"><span class='ocrx_word' id='word_1_272' title='bbox 183 5366 530 5447; x_wconf 87' lang='lat' dir='ltr'><strong>cipientes</strong></span> <span class='ocrx_word' id='word_1_273' title='bbox 573 5374 652 5425; x_wconf 89' lang='lat' dir='ltr'><strong>ut</strong></span> <span class='ocrx_word' id='word_1_274' title='bbox 699 5362 770 5425; x_wconf 93' lang='lat' dir='ltr'><strong>in</strong></span> <span class='ocrx_word' id='word_1_275' title='bbox 814 5365 1113 5427; x_wconf 88' lang='lat' dir='ltr'><strong>termino</strong></span> <span class='ocrx_word' id='word_1_276' title='bbox 1173 5365 1361 5430; x_wconf 90' lang='lat' dir='ltr'><strong>dicto</strong></span> <span class='ocrx_word' id='word_1_277' title='bbox 1423 5366 1612 5447; x_wconf 89' lang='lat' dir='ltr'><strong>apud</strong></span> <span class='ocrx_word' id='word_1_278' title='bbox 1665 5366 1826 5429; x_wconf 91' lang='lat' dir='ltr'><strong>Ber-</strong></span> 
     </span>
     <span class='ocr_line' id='line_1_52' title="bbox 189 5460 1108 5538; baseline 0 -17"><span class='ocrx_word' id='word_1_279' title='bbox 189 5460 434 5522; x_wconf 86' lang='lat' dir='ltr'><strong>sellum</strong></span> <span class='ocrx_word' id='word_1_280' title='bbox 483 5477 562 5520; x_wconf 91' lang='lat' dir='ltr'><strong>se</strong></span> <span class='ocrx_word' id='word_1_281' title='bbox 608 5467 1108 5538; x_wconf 88' lang='lat' dir='ltr'><strong>repraesentet.</strong></span> 
     </span>
    </p>
   </div>
   <div class='ocr_carea' id='block_1_21' title="bbox 341 5592 1340 5647">
    <p class='ocr_par' dir='ltr' id='par_1_21' title="bbox 341 5592 1340 5647">
     <span class='ocr_line' id='line_1_53' title="bbox 341 5592 1340 5647; baseline 0 -12"><span class='ocrx_word' id='word_1_282' title='bbox 341 5606 396 5635; x_wconf 86' lang='lat'><strong>10</strong></span> <span class='ocrx_word' id='word_1_283' title='bbox 451 5592 578 5635; x_wconf 75' lang='lat' dir='ltr'><strong>Bibl-</strong></span> <span class='ocrx_word' id='word_1_284' title='bbox 607 5592 734 5635; x_wconf 70' lang='grc' dir='ltr'><strong>διον.</strong></span> <span class='ocrx_word' id='word_1_285' title='bbox 765 5592 828 5636; x_wconf 87' lang='lat' dir='ltr'><strong>VI</strong></span> <span class='ocrx_word' id='word_1_286' title='bbox 859 5593 940 5645; x_wconf 80' lang='lat' dir='ltr'><strong>(H.</strong></span> <span class='ocrx_word' id='word_1_287' title='bbox 973 5592 1024 5636; x_wconf 82' lang='grc' dir='ltr'><strong>Ρ.</strong></span> <span class='ocrx_word' id='word_1_288' title='bbox 1055 5593 1121 5634; x_wconf 87' lang='lat' dir='ltr'><strong>M.</strong></span> <span class='ocrx_word' id='word_1_289' title='bbox 1153 5594 1212 5636; x_wconf 89' lang='lat'><strong>11.</strong></span> <span class='ocrx_word' id='word_1_290' title='bbox 1245 5594 1340 5647; x_wconf 91' lang='lat'><strong>11.).</strong></span> 
     </span>
    </p>
   </div>
   <div class='ocr_carea' id='block_1_22' title="bbox 830 418 2011 431">
    <p class='ocr_par' dir='ltr' id='par_1_22' title="bbox 830 418 2011 431">
     <span class='ocr_line' id='line_1_54' title="bbox 830 418 2011 431; baseline -0.003 -2"><span class='ocrx_word' id='word_1_291' title='bbox 830 424 930 431; x_wconf 45' lang='grc' dir='ltr'><strong>-φὴ,</strong></span> <span class='ocrx_word' id='word_1_292' title='bbox 966 422 1389 429; x_wconf 75' lang='lat'>--——-—--———-—-.</span> <span class='ocrx_word' id='word_1_293' title='bbox 1416 422 1497 426; x_wconf 81' lang='lat'>—-.--</span> <span class='ocrx_word' id='word_1_294' title='bbox 1514 422 1605 427; x_wconf 82' lang='lat'><strong>...——</strong></span> <span class='ocrx_word' id='word_1_295' title='bbox 1668 420 1856 427; x_wconf 73' lang='lat'><strong>—--..---—--</strong></span> <span class='ocrx_word' id='word_1_296' title='bbox 1874 418 2011 423; x_wconf 68' lang='lat'>&gt;———</span> 
     </span>
    </p>
   </div>
   <div class='ocr_carea' id='block_1_23' title="bbox 1885 434 1895 639">
    <p class='ocr_par' dir='ltr' id='par_1_23' title="bbox 1885 434 1895 639">
     <span class='ocr_line' id='line_1_55' title="bbox 1885 434 1895 639; baseline 0 0"><span class='ocrx_word' id='word_1_297' title='bbox 1885 434 1895 639; x_wconf 95' lang='lat' dir='ltr'><strong> </strong></span> 
     </span>
    </p>
   </div>
   <div class='ocr_carea' id='block_1_24' title="bbox 1881 796 1890 1080">
    <p class='ocr_par' dir='ltr' id='par_1_24' title="bbox 1881 796 1890 1080">
     <span class='ocr_line' id='line_1_56' title="bbox 1881 796 1890 1080; baseline 0 5029"><span class='ocrx_word' id='word_1_298' title='bbox 1881 796 1890 1080; x_wconf 95' lang='lat' dir='ltr'><strong> </strong></span> 
     </span>
    </p>
   </div>
   <div class='ocr_carea' id='block_1_25' title="bbox 1935 290 3095 343">
    <p class='ocr_par' dir='ltr' id='par_1_25' title="bbox 1935 290 3095 343">
     <span class='ocr_line' id='line_1_57' title="bbox 1935 290 3095 343; baseline -0.003 0"><span class='ocrx_word' id='word_1_299' title='bbox 1935 295 2089 343; x_wconf 89' lang='lat' dir='ltr'><strong>PER</strong></span> <span class='ocrx_word' id='word_1_300' title='bbox 2132 292 2596 342; x_wconf 82' lang='lat' dir='ltr'>GUASTALLA</span> <span class='ocrx_word' id='word_1_301' title='bbox 2640 292 2689 341; x_wconf 85' lang='lat' dir='ltr'>E</span> <span class='ocrx_word' id='word_1_302' title='bbox 2735 290 3095 341; x_wconf 79' lang='lat' dir='ltr'>LUZZARA</span> 
     </span>
    </p>
   </div>
   <div class='ocr_carea' id='block_1_26' title="bbox 3488 296 3567 355">
    <p class='ocr_par' dir='ltr' id='par_1_26' title="bbox 3488 296 3567 355">
     <span class='ocr_line' id='line_1_58' title="bbox 3488 296 3567 355; baseline -0.025 0"><span class='ocrx_word' id='word_1_303' title='bbox 3488 296 3567 355; x_wconf 85' lang='lat'><strong>73</strong></span> 
     </span>
    </p>
   </div>
   <div class='ocr_carea' id='block_1_27' title="bbox 2051 416 2376 423">
    <p class='ocr_par' dir='ltr' id='par_1_27' title="bbox 2051 416 2376 423">
     <span class='ocr_line' id='line_1_59' title="bbox 2051 416 2376 423; baseline 0 5686"><span class='ocrx_word' id='word_1_304' title='bbox 2051 416 2376 423; x_wconf 95' lang='lat' dir='ltr'><strong> </strong></span> 
     </span>
    </p>
   </div>
   <div class='ocr_carea' id='block_1_28' title="bbox 3207 422 3560 430">
    <p class='ocr_par' dir='ltr' id='par_1_28' title="bbox 3207 422 3560 430">
     <span class='ocr_line' id='line_1_60' title="bbox 3207 422 3560 430; baseline 0 5679"><span class='ocrx_word' id='word_1_305' title='bbox 3207 422 3560 430; x_wconf 95' lang='lat' dir='ltr'><strong> </strong></span> 
     </span>
    </p>
   </div>
   <div class='ocr_carea' id='block_1_29' title="bbox 1935 534 3175 619">
    <p class='ocr_par' dir='ltr' id='par_1_29' title="bbox 1935 534 3175 619">
     <span class='ocr_line' id='line_1_61' title="bbox 1935 534 3175 619; baseline -0.003 -18"><span class='ocrx_word' id='word_1_306' title='bbox 1935 558 2022 617; x_wconf 88' lang='lat'><strong>91.</strong></span> <span class='ocrx_word' id='word_1_307' title='bbox 2072 575 2155 583; x_wconf 92' lang='lat'><strong>—</strong></span> <span class='ocrx_word' id='word_1_308' title='bbox 2209 556 2386 611; x_wconf 88' lang='lat'><strong>1221,</strong></span> <span class='ocrx_word' id='word_1_309' title='bbox 2435 534 2523 599; x_wconf 81' lang='lat' dir='ltr'><strong>id.</strong></span> <span class='ocrx_word' id='word_1_310' title='bbox 2570 534 2659 599; x_wconf 82' lang='lat' dir='ltr'><strong>id.</strong></span> <span class='ocrx_word' id='word_1_311' title='bbox 2705 538 2929 619; x_wconf 77' lang='lat' dir='ltr'><strong>(senza</strong></span> <span class='ocrx_word' id='word_1_312' title='bbox 2974 534 3175 615; x_wconf 82' lang='lat' dir='ltr'><strong>data).</strong></span> 
     </span>
    </p>
   </div>
   <div class='ocr_carea' id='block_1_30' title="bbox 1930 669 3565 1491">
    <p class='ocr_par' dir='ltr' id='par_1_30' title="bbox 1930 669 3565 1491">
     <span class='ocr_line' id='line_1_62' title="bbox 2020 669 3563 755; baseline -0.003 -18"><span class='ocrx_word' id='word_1_313' title='bbox 2020 676 2331 739; x_wconf 89' lang='lat' dir='ltr'><strong>Libellus</strong></span> <span class='ocrx_word' id='word_1_314' title='bbox 2362 672 2638 737; x_wconf 90' lang='lat' dir='ltr'><strong>abbatis</strong></span> <span class='ocrx_word' id='word_1_315' title='bbox 2681 672 2751 736; x_wconf 88' lang='lat' dir='ltr'><strong>S.</strong></span> <span class='ocrx_word' id='word_1_316' title='bbox 2790 672 2974 735; x_wconf 89' lang='lat' dir='ltr'><strong>Sixti</strong></span> <span class='ocrx_word' id='word_1_317' title='bbox 3020 692 3161 755; x_wconf 92' lang='lat' dir='ltr'><strong>quo</strong></span> <span class='ocrx_word' id='word_1_318' title='bbox 3207 692 3249 733; x_wconf 93' lang='lat' dir='ltr'><strong>a</strong></span> <span class='ocrx_word' id='word_1_319' title='bbox 3284 669 3563 733; x_wconf 89' lang='lat' dir='ltr'><strong>comuni</strong></span> 
     </span>
     <span class='ocr_line' id='line_1_63' title="bbox 1935 764 3565 851; baseline -0.004 -18"><span class='ocrx_word' id='word_1_320' title='bbox 1935 768 2318 833; x_wconf 91' lang='lat' dir='ltr'><strong>Cremonae</strong></span> <span class='ocrx_word' id='word_1_321' title='bbox 2376 768 2556 851; x_wconf 91' lang='lat' dir='ltr'><strong>petit</strong></span> <span class='ocrx_word' id='word_1_322' title='bbox 2600 776 2679 831; x_wconf 92' lang='lat' dir='ltr'><strong>ut</strong></span> <span class='ocrx_word' id='word_1_323' title='bbox 2722 766 3045 830; x_wconf 88' lang='lat' dir='ltr'><strong>restituat</strong></span> <span class='ocrx_word' id='word_1_324' title='bbox 3094 764 3363 828; x_wconf 89' lang='lat' dir='ltr'><strong>fructus</strong></span> <span class='ocrx_word' id='word_1_325' title='bbox 3404 784 3565 846; x_wconf 91' lang='lat' dir='ltr'><strong>pos-</strong></span> 
     </span>
     <span class='ocr_line' id='line_1_64' title="bbox 1935 857 3564 947; baseline -0.004 -20"><span class='ocrx_word' id='word_1_326' title='bbox 1935 862 2270 927; x_wconf 91' lang='lat' dir='ltr'><strong>sessionis</strong></span> <span class='ocrx_word' id='word_1_327' title='bbox 2345 864 2636 927; x_wconf 90' lang='lat' dir='ltr'><strong>duarum</strong></span> <span class='ocrx_word' id='word_1_328' title='bbox 2708 860 3011 947; x_wconf 81' lang='lat' dir='ltr'><strong>partium</strong></span> <span class='ocrx_word' id='word_1_329' title='bbox 3086 860 3303 923; x_wconf 91' lang='lat' dir='ltr'><strong>curtis</strong></span> <span class='ocrx_word' id='word_1_330' title='bbox 3383 857 3564 922; x_wconf 89' lang='lat' dir='ltr'><strong>Gua-</strong></span> 
     </span>
     <span class='ocr_line' id='line_1_65' title="bbox 1933 953 3565 1039; baseline -0.004 -18"><span class='ocrx_word' id='word_1_331' title='bbox 1933 958 2175 1021; x_wconf 85' lang='lat' dir='ltr'><strong>stallae</strong></span> <span class='ocrx_word' id='word_1_332' title='bbox 2219 964 2593 1039; x_wconf 92' lang='lat' dir='ltr'><strong>perceptos</strong></span> <span class='ocrx_word' id='word_1_333' title='bbox 2650 976 2692 1019; x_wconf 90' lang='lat' dir='ltr'><strong>a</strong></span> <span class='ocrx_word' id='word_1_334' title='bbox 2748 976 2823 1035; x_wconf 91' lang='lat'><strong>27</strong></span> <span class='ocrx_word' id='word_1_335' title='bbox 2873 954 3075 1017; x_wconf 90' lang='lat' dir='ltr'><strong>annis</strong></span> <span class='ocrx_word' id='word_1_336' title='bbox 3120 953 3297 1017; x_wconf 90' lang='lat' dir='ltr'><strong>citra</strong></span> <span class='ocrx_word' id='word_1_337' title='bbox 3341 973 3565 1035; x_wconf 91' lang='lat' dir='ltr'><strong>usque</strong></span> 
     </span>
     <span class='ocr_line' id='line_1_66' title="bbox 1931 1048 3563 1134; baseline -0.003 -19"><span class='ocrx_word' id='word_1_338' title='bbox 1931 1052 2022 1115; x_wconf 90' lang='lat' dir='ltr'><strong>ad</strong></span> <span class='ocrx_word' id='word_1_339' title='bbox 2064 1061 2343 1134; x_wconf 90' lang='lat' dir='ltr'><strong>tempus</strong></span> <span class='ocrx_word' id='word_1_340' title='bbox 2389 1049 2917 1132; x_wconf 89' lang='lat' dir='ltr'><strong>compositionis</strong></span> <span class='ocrx_word' id='word_1_341' title='bbox 2952 1048 3179 1113; x_wconf 87' lang='lat' dir='ltr'><strong>factae</strong></span> <span class='ocrx_word' id='word_1_342' title='bbox 3215 1048 3563 1111; x_wconf 87' lang='lat' dir='ltr'><strong>mediante</strong></span> 
     </span>
     <span class='ocr_line' id='line_1_67' title="bbox 1931 1140 3563 1225; baseline -0.002 -18"><span class='ocrx_word' id='word_1_343' title='bbox 1931 1144 2341 1209; x_wconf 91' lang='lat' dir='ltr'><strong>Innocentio</strong></span> <span class='ocrx_word' id='word_1_344' title='bbox 2386 1143 2487 1207; x_wconf 96' lang='lat' dir='ltr'><strong>III</strong></span> <span class='ocrx_word' id='word_1_345' title='bbox 2531 1154 2603 1207; x_wconf 91' lang='lat' dir='ltr'><strong>et</strong></span> <span class='ocrx_word' id='word_1_346' title='bbox 2645 1164 2687 1207; x_wconf 90' lang='lat' dir='ltr'><strong>a</strong></span> <span class='ocrx_word' id='word_1_347' title='bbox 2730 1152 3047 1225; x_wconf 90' lang='lat' dir='ltr'><strong>ternpore</strong></span> <span class='ocrx_word' id='word_1_348' title='bbox 3092 1140 3563 1205; x_wconf 91' lang='lat' dir='ltr'><strong>coronationis</strong></span> 
     </span>
     <span class='ocr_line' id='line_1_68' title="bbox 1931 1235 3561 1320; baseline -0.004 -17"><span class='ocrx_word' id='word_1_349' title='bbox 1931 1236 2213 1303; x_wconf 89' lang='lat' dir='ltr'><strong>Ottonis</strong></span> <span class='ocrx_word' id='word_1_350' title='bbox 2265 1238 2472 1315; x_wconf 89' lang='lat' dir='ltr'><strong>citra;</strong></span> <span class='ocrx_word' id='word_1_351' title='bbox 2518 1238 2825 1320; x_wconf 91' lang='lat' dir='ltr'><strong>itemque</strong></span> <span class='ocrx_word' id='word_1_352' title='bbox 2866 1236 3045 1318; x_wconf 91' lang='lat' dir='ltr'><strong>petit</strong></span> <span class='ocrx_word' id='word_1_353' title='bbox 3075 1237 3248 1298; x_wconf 88' lang='lat' dir='ltr'><strong>duas</strong></span> <span class='ocrx_word' id='word_1_354' title='bbox 3292 1235 3561 1317; x_wconf 90' lang='lat' dir='ltr'><strong>praedi-</strong></span> 
     </span>
     <span class='ocr_line' id='line_1_69' title="bbox 1931 1330 3559 1414; baseline -0.004 -17"><span class='ocrx_word' id='word_1_355' title='bbox 1931 1342 2082 1397; x_wconf 91' lang='lat' dir='ltr'><strong>ctas</strong></span> <span class='ocrx_word' id='word_1_356' title='bbox 2125 1342 2360 1414; x_wconf 91' lang='lat' dir='ltr'><strong>partes</strong></span> <span class='ocrx_word' id='word_1_357' title='bbox 2405 1343 2476 1396; x_wconf 91' lang='lat' dir='ltr'><strong>et</strong></span> <span class='ocrx_word' id='word_1_358' title='bbox 2520 1332 2731 1395; x_wconf 90' lang='lat' dir='ltr'><strong>etiam</strong></span> <span class='ocrx_word' id='word_1_359' title='bbox 2776 1331 2983 1395; x_wconf 90' lang='lat' dir='ltr'><strong>aliam</strong></span> <span class='ocrx_word' id='word_1_360' title='bbox 3028 1330 3304 1395; x_wconf 86' lang='lat' dir='ltr'><strong>tertiam</strong></span> <span class='ocrx_word' id='word_1_361' title='bbox 3349 1338 3418 1393; x_wconf 93' lang='lat' dir='ltr'><strong>et</strong></span> <span class='ocrx_word' id='word_1_362' title='bbox 3460 1337 3559 1391; x_wconf 93' lang='lat' dir='ltr'><strong>to-</strong></span> 
     </span>
     <span class='ocr_line' id='line_1_70' title="bbox 1930 1426 2812 1491; baseline -0.002 0"><span class='ocrx_word' id='word_1_363' title='bbox 1930 1438 2085 1491; x_wconf 82' lang='lat' dir='ltr'><strong>tam</strong></span> <span class='ocrx_word' id='word_1_364' title='bbox 2120 1437 2386 1491; x_wconf 88' lang='lat' dir='ltr'><strong>curtem</strong></span> <span class='ocrx_word' id='word_1_365' title='bbox 2430 1426 2812 1491; x_wconf 90' lang='lat' dir='ltr'><strong>Luciariae.</strong></span> 
     </span>
    </p>
   </div>
   <div class='ocr_carea' id='block_1_31' title="bbox 1930 1611 3175 1697">
    <p class='ocr_par' dir='ltr' id='par_1_31' title="bbox 1930 1611 3175 1697">
     <span class='ocr_line' id='line_1_71' title="bbox 1930 1611 3175 1697; baseline -0.003 -18"><span class='ocrx_word' id='word_1_366' title='bbox 1930 1634 2024 1697; x_wconf 87' lang='lat'><strong>92.</strong></span> <span class='ocrx_word' id='word_1_367' title='bbox 2074 1650 2153 1662; x_wconf 95' lang='lat'><strong>—</strong></span> <span class='ocrx_word' id='word_1_368' title='bbox 2210 1635 2389 1689; x_wconf 89' lang='grc'>1221,</span> <span class='ocrx_word' id='word_1_369' title='bbox 2436 1613 2524 1677; x_wconf 81' lang='lat' dir='ltr'><strong>id.</strong></span> <span class='ocrx_word' id='word_1_370' title='bbox 2570 1612 2659 1677; x_wconf 79' lang='lat' dir='ltr'><strong>id.</strong></span> <span class='ocrx_word' id='word_1_371' title='bbox 2708 1616 2931 1697; x_wconf 78' lang='lat' dir='ltr'><strong>(senza</strong></span> <span class='ocrx_word' id='word_1_372' title='bbox 2974 1611 3175 1695; x_wconf 80' lang='lat' dir='ltr'><strong>data).</strong></span> 
     </span>
    </p>
   </div>
   <div class='ocr_carea' id='block_1_32' title="bbox 1929 1751 3561 2289">
    <p class='ocr_par' dir='ltr' id='par_1_32' title="bbox 1929 1751 3561 2289">
     <span class='ocr_line' id='line_1_72' title="bbox 2015 1751 3559 1836; baseline -0.003 -19"><span class='ocrx_word' id='word_1_373' title='bbox 2015 1754 2266 1817; x_wconf 91' lang='lat' dir='ltr'><strong>Brevis</strong></span> <span class='ocrx_word' id='word_1_374' title='bbox 2331 1755 2572 1817; x_wconf 91' lang='lat' dir='ltr'><strong>notula</strong></span> <span class='ocrx_word' id='word_1_375' title='bbox 2645 1754 2732 1817; x_wconf 90' lang='lat' dir='ltr'><strong>de</strong></span> <span class='ocrx_word' id='word_1_376' title='bbox 2795 1752 3229 1836; x_wconf 86' lang='lat' dir='ltr'><strong>privilegiis,</strong></span> <span class='ocrx_word' id='word_1_377' title='bbox 3308 1751 3559 1815; x_wconf 88' lang='lat' dir='ltr'><strong>instru-</strong></span> 
     </span>
     <span class='ocr_line' id='line_1_73' title="bbox 1930 1846 3561 1912; baseline -0.002 -1"><span class='ocrx_word' id='word_1_378' title='bbox 1930 1848 2183 1911; x_wconf 91' lang='lat' dir='ltr'><strong>mentis</strong></span> <span class='ocrx_word' id='word_1_379' title='bbox 2257 1848 2788 1911; x_wconf 91' lang='lat' dir='ltr'><strong>concessionum</strong></span> <span class='ocrx_word' id='word_1_380' title='bbox 2859 1857 2930 1912; x_wconf 91' lang='lat' dir='ltr'><strong>et</strong></span> <span class='ocrx_word' id='word_1_381' title='bbox 2990 1846 3415 1911; x_wconf 90' lang='lat' dir='ltr'><strong>locationum</strong></span> <span class='ocrx_word' id='word_1_382' title='bbox 3491 1854 3561 1908; x_wconf 91' lang='lat' dir='ltr'><strong>et</strong></span> 
     </span>
     <span class='ocr_line' id='line_1_74' title="bbox 1931 1940 3560 2025; baseline -0.002 -20"><span class='ocrx_word' id='word_1_383' title='bbox 1931 1942 2488 2023; x_wconf 91' lang='lat' dir='ltr'><strong>depositionibus</strong></span> <span class='ocrx_word' id='word_1_384' title='bbox 2531 1942 2815 2005; x_wconf 90' lang='lat' dir='ltr'><strong>testium</strong></span> <span class='ocrx_word' id='word_1_385' title='bbox 2867 1942 3079 2025; x_wconf 83' lang='lat'>(1204)</span> <span class='ocrx_word' id='word_1_386' title='bbox 3136 1940 3427 2022; x_wconf 86' lang='lat' dir='ltr'><strong>prolatis</strong></span> <span class='ocrx_word' id='word_1_387' title='bbox 3470 1940 3560 2002; x_wconf 93' lang='lat' dir='ltr'><strong>ab</strong></span> 
     </span>
     <span class='ocr_line' id='line_1_75' title="bbox 1930 2032 3561 2115; baseline -0.002 -16"><span class='ocrx_word' id='word_1_388' title='bbox 1930 2036 2183 2099; x_wconf 89' lang='lat' dir='ltr'><strong>abbate</strong></span> <span class='ocrx_word' id='word_1_389' title='bbox 2227 2034 2298 2099; x_wconf 89' lang='lat' dir='ltr'><strong>S.</strong></span> <span class='ocrx_word' id='word_1_390' title='bbox 2345 2034 2531 2099; x_wconf 89' lang='lat' dir='ltr'><strong>Sixti</strong></span> <span class='ocrx_word' id='word_1_391' title='bbox 2577 2034 2669 2099; x_wconf 92' lang='lat' dir='ltr'><strong>ad</strong></span> <span class='ocrx_word' id='word_1_392' title='bbox 2707 2034 3324 2099; x_wconf 90' lang='lat' dir='ltr'><strong>demonstrandum</strong></span> <span class='ocrx_word' id='word_1_393' title='bbox 3368 2032 3561 2115; x_wconf 90' lang='lat' dir='ltr'><strong>quod</strong></span> 
     </span>
     <span class='ocr_line' id='line_1_76' title="bbox 1929 2127 3555 2211; baseline -0.002 -18"><span class='ocrx_word' id='word_1_394' title='bbox 1929 2128 2293 2193; x_wconf 86' lang='lat' dir='ltr'><strong>Guastalla</strong></span> <span class='ocrx_word' id='word_1_395' title='bbox 2336 2140 2407 2193; x_wconf 91' lang='lat' dir='ltr'><strong>et</strong></span> <span class='ocrx_word' id='word_1_396' title='bbox 2452 2129 2775 2193; x_wconf 90' lang='lat' dir='ltr'><strong>Luciaria</strong></span> <span class='ocrx_word' id='word_1_397' title='bbox 2806 2139 2968 2194; x_wconf 91' lang='lat' dir='ltr'><strong>sunt</strong></span> <span class='ocrx_word' id='word_1_398' title='bbox 2998 2129 3084 2193; x_wconf 92' lang='lat' dir='ltr'><strong>de</strong></span> <span class='ocrx_word' id='word_1_399' title='bbox 3125 2127 3555 2211; x_wconf 89' lang='lat' dir='ltr'><strong>proprietate</strong></span> 
     </span>
     <span class='ocr_line' id='line_1_77' title="bbox 1930 2222 2709 2289; baseline -0.004 0"><span class='ocrx_word' id='word_1_400' title='bbox 1930 2224 2335 2289; x_wconf 88' lang='lat' dir='ltr'><strong>monasterii</strong></span> <span class='ocrx_word' id='word_1_401' title='bbox 2386 2223 2457 2288; x_wconf 92' lang='lat' dir='ltr'><strong>S.</strong></span> <span class='ocrx_word' id='word_1_402' title='bbox 2504 2222 2709 2287; x_wconf 86' lang='lat' dir='ltr'><strong>Sixti.</strong></span> 
     </span>
    </p>
   </div>
   <div class='ocr_carea' id='block_1_33' title="bbox 1929 2400 3554 2587">
    <p class='ocr_par' dir='ltr' id='par_1_33' title="bbox 1929 2400 3554 2587">
     <span class='ocr_line' id='line_1_78' title="bbox 1929 2400 3554 2496; baseline -0.001 -20"><span class='ocrx_word' id='word_1_403' title='bbox 1929 2432 2027 2492; x_wconf 83' lang='lat'><strong>93.</strong></span> <span class='ocrx_word' id='word_1_404' title='bbox 2072 2400 2155 2459; x_wconf 49' lang='lat'><strong>&#39;—</strong></span> <span class='ocrx_word' id='word_1_405' title='bbox 2210 2432 2359 2475; x_wconf 91' lang='grc'>1221</span> <span class='ocrx_word' id='word_1_406' title='bbox 2412 2414 2605 2495; x_wconf 90' lang='grc'>(1220</span> <span class='ocrx_word' id='word_1_407' title='bbox 2650 2410 2818 2493; x_wconf 64' lang='lat' dir='ltr'><strong>ina),</strong></span> <span class='ocrx_word' id='word_1_408' title='bbox 2865 2409 2952 2475; x_wconf 77' lang='lat' dir='ltr'><strong>id.</strong></span> <span class='ocrx_word' id='word_1_409' title='bbox 3000 2410 3088 2474; x_wconf 76' lang='lat' dir='ltr'><strong>id.</strong></span> <span class='ocrx_word' id='word_1_410' title='bbox 3134 2410 3406 2485; x_wconf 88' lang='lat' dir='ltr'><strong>Ficker‚</strong></span> <span class='ocrx_word' id='word_1_411' title='bbox 3452 2417 3554 2496; x_wconf 84' lang='lat' dir='ltr'><strong>op.</strong></span> 
     </span>
     <span class='ocr_line' id='line_1_79' title="bbox 2017 2505 3474 2587; baseline -0.001 -16"><span class='ocrx_word' id='word_1_412' title='bbox 2017 2506 2159 2580; x_wconf 67' lang='lat' dir='ltr'><strong>cit„</strong></span> <span class='ocrx_word' id='word_1_413' title='bbox 2202 2507 2300 2583; x_wconf 90' lang='lat' dir='ltr'><strong>II,</strong></span> <span class='ocrx_word' id='word_1_414' title='bbox 2350 2527 2491 2585; x_wconf 85' lang='lat'><strong>312,</strong></span> <span class='ocrx_word' id='word_1_415' title='bbox 2538 2527 2661 2570; x_wconf 87' lang='lat' dir='ltr'><strong>con</strong></span> <span class='ocrx_word' id='word_1_416' title='bbox 2706 2505 2868 2569; x_wconf 81' lang='lat' dir='ltr'><strong>data</strong></span> <span class='ocrx_word' id='word_1_417' title='bbox 2921 2526 3098 2581; x_wconf 90' lang='grc'>1220,</span> <span class='ocrx_word' id='word_1_418' title='bbox 3149 2526 3181 2587; x_wconf 78' lang='lat'>7</span> <span class='ocrx_word' id='word_1_419' title='bbox 3230 2526 3474 2569; x_wconf 75' lang='lat' dir='ltr'><strong>marzo·</strong></span> 
     </span>
    </p>
   </div>
   <div class='ocr_carea' id='block_1_34' title="bbox 1924 2642 3560 3650">
    <p class='ocr_par' dir='ltr' id='par_1_34' title="bbox 1924 2642 3560 3650">
     <span class='ocr_line' id='line_1_80' title="bbox 2015 2642 3560 2709; baseline 0 -2"><span class='ocrx_word' id='word_1_420' title='bbox 2015 2644 2344 2708; x_wconf 91' lang='lat' dir='ltr'><strong>Sindicus</strong></span> <span class='ocrx_word' id='word_1_421' title='bbox 2397 2644 2781 2709; x_wconf 87' lang='lat' dir='ltr'><strong>Cremonae</strong></span> <span class='ocrx_word' id='word_1_422' title='bbox 2840 2642 3011 2707; x_wconf 91' lang='lat' dir='ltr'><strong>dicit</strong></span> <span class='ocrx_word' id='word_1_423' title='bbox 3068 2656 3139 2707; x_wconf 90' lang='lat' dir='ltr'><strong>et</strong></span> <span class='ocrx_word' id='word_1_424' title='bbox 3182 2644 3560 2708; x_wconf 91' lang='lat' dir='ltr'><strong>denunciat</strong></span> 
     </span>
     <span class='ocr_line' id='line_1_81' title="bbox 1931 2738 3557 2820; baseline 0 -19"><span class='ocrx_word' id='word_1_425' title='bbox 1931 2738 2323 2820; x_wconf 86' lang='lat' dir='ltr'><strong>expressim</strong></span> <span class='ocrx_word' id='word_1_426' title='bbox 2387 2738 2745 2819; x_wconf 88' lang='lat' dir='ltr'><strong>accepisse</strong></span> <span class='ocrx_word' id='word_1_427' title='bbox 2816 2738 3127 2801; x_wconf 90' lang='lat' dir='ltr'><strong>libellum</strong></span> <span class='ocrx_word' id='word_1_428' title='bbox 3204 2758 3287 2801; x_wconf 93' lang='lat' dir='ltr'><strong>eo</strong></span> <span class='ocrx_word' id='word_1_429' title='bbox 3349 2750 3557 2820; x_wconf 90' lang='lat' dir='ltr'><strong>pacto</strong></span> 
     </span>
     <span class='ocr_line' id='line_1_82' title="bbox 1930 2822 3555 2914; baseline 0.001 -20"><span class='ocrx_word' id='word_1_430' title='bbox 1930 2834 2121 2914; x_wconf 92' lang='lat' dir='ltr'><strong>quod</strong></span> <span class='ocrx_word' id='word_1_431' title='bbox 2176 2853 2317 2896; x_wconf 93' lang='lat' dir='ltr'><strong>non</strong></span> <span class='ocrx_word' id='word_1_432' title='bbox 2360 2831 2605 2896; x_wconf 88' lang='lat' dir='ltr'><strong>afferat</strong></span> <span class='ocrx_word' id='word_1_433' title='bbox 2651 2831 3158 2914; x_wconf 88' lang='lat' dir='ltr'><strong>praeiudicium</strong></span> <span class='ocrx_word' id='word_1_434' title='bbox 3204 2822 3555 2895; x_wconf 88' lang='lat' dir='ltr'><strong>communi</strong></span> 
     </span>
     <span class='ocr_line' id='line_1_83' title="bbox 1928 2925 3555 3003; baseline 0.001 -14"><span class='ocrx_word' id='word_1_435' title='bbox 1928 2925 2342 3003; x_wconf 90' lang='lat' dir='ltr'><strong>Cremonae;</strong></span> <span class='ocrx_word' id='word_1_436' title='bbox 2389 2926 2556 2989; x_wconf 91' lang='lat' dir='ltr'><strong>item</strong></span> <span class='ocrx_word' id='word_1_437' title='bbox 2601 2926 2775 2989; x_wconf 86' lang='lat' dir='ltr'><strong>dicit·</strong></span> <span class='ocrx_word' id='word_1_438' title='bbox 2815 2927 2903 2989; x_wconf 91' lang='lat' dir='ltr'><strong>de</strong></span> <span class='ocrx_word' id='word_1_439' title='bbox 2932 2927 3229 2990; x_wconf 90' lang='lat' dir='ltr'><strong>termino</strong></span> <span class='ocrx_word' id='word_1_440' title='bbox 3275 2936 3555 3001; x_wconf 91' lang='lat' dir='ltr'><strong>statut0‚</strong></span> 
     </span>
     <span class='ocr_line' id='line_1_84' title="bbox 1929 3020 3557 3103; baseline 0.001 -20"><span class='ocrx_word' id='word_1_441' title='bbox 1929 3020 2014 3083; x_wconf 92' lang='lat' dir='ltr'><strong>de</strong></span> <span class='ocrx_word' id='word_1_442' title='bbox 2075 3020 2424 3085; x_wconf 91' lang='lat' dir='ltr'><strong>iudicibus</strong></span> <span class='ocrx_word' id='word_1_443' title='bbox 2497 3041 2674 3103; x_wconf 90' lang='lat' dir='ltr'><strong>quos</strong></span> <span class='ocrx_word' id='word_1_444' title='bbox 2748 3040 2890 3083; x_wconf 94' lang='lat' dir='ltr'><strong>non</strong></span> <span class='ocrx_word' id='word_1_445' title='bbox 2962 3020 3409 3103; x_wconf 89' lang='lat' dir='ltr'><strong>recognoscit</strong></span> <span class='ocrx_word' id='word_1_446' title='bbox 3480 3031 3557 3085; x_wconf 92' lang='lat' dir='ltr'><strong>ut</strong></span> 
     </span>
     <span class='ocr_line' id='line_1_85' title="bbox 1925 3114 3558 3205; baseline 0.001 -28"><span class='ocrx_word' id='word_1_447' title='bbox 1925 3116 2131 3189; x_wconf 89' lang='lat' dir='ltr'><strong>tales;</strong></span> <span class='ocrx_word' id='word_1_448' title='bbox 2198 3114 2373 3205; x_wconf 81' lang='lat' dir='ltr'><strong>petit</strong></span> <span class='ocrx_word' id='word_1_449' title='bbox 2436 3123 2799 3197; x_wconf 90' lang='lat' dir='ltr'><strong>praeterea</strong></span> <span class='ocrx_word' id='word_1_450' title='bbox 2863 3125 2941 3178; x_wconf 91' lang='lat' dir='ltr'><strong>ut</strong></span> <span class='ocrx_word' id='word_1_451' title='bbox 3004 3124 3463 3178; x_wconf 89' lang='lat' dir='ltr'><strong>amoveantur</strong></span> <span class='ocrx_word' id='word_1_452' title='bbox 3515 3138 3558 3179; x_wconf 90' lang='lat' dir='ltr'><strong>a</strong></span> 
     </span>
     <span class='ocr_line' id='line_1_86' title="bbox 1926 3208 3554 3273; baseline 0.001 -2"><span class='ocrx_word' id='word_1_453' title='bbox 1926 3228 2139 3272; x_wconf 90' lang='lat' dir='ltr'><strong>causa</strong></span> <span class='ocrx_word' id='word_1_454' title='bbox 2195 3208 2479 3272; x_wconf 89' lang='lat' dir='ltr'><strong>Arditio</strong></span> <span class='ocrx_word' id='word_1_455' title='bbox 2532 3228 2846 3271; x_wconf 84' lang='lat' dir='ltr'><strong>assessor</strong></span> <span class='ocrx_word' id='word_1_456' title='bbox 2907 3219 2977 3272; x_wconf 93' lang='lat' dir='ltr'><strong>et</strong></span> <span class='ocrx_word' id='word_1_457' title='bbox 3028 3209 3554 3273; x_wconf 87' lang='lat' dir='ltr'><strong>Ferracaballus</strong></span> 
     </span>
     <span class='ocr_line' id='line_1_87' title="bbox 1925 3302 3554 3386; baseline 0.001 -21"><span class='ocrx_word' id='word_1_458' title='bbox 1925 3304 2255 3377; x_wconf 82' lang='lat' dir='ltr'><strong>notariuS,</strong></span> <span class='ocrx_word' id='word_1_459' title='bbox 2310 3313 2381 3366; x_wconf 89' lang='grc'><strong>01</strong></span> <span class='ocrx_word' id='word_1_460' title='bbox 2439 3302 2630 3386; x_wconf 90' lang='lat' dir='ltr'><strong>quod</strong></span> <span class='ocrx_word' id='word_1_461' title='bbox 2694 3304 2910 3366; x_wconf 90' lang='lat' dir='ltr'><strong>abbas</strong></span> <span class='ocrx_word' id='word_1_462' title='bbox 2955 3304 3025 3366; x_wconf 90' lang='lat' dir='ltr'><strong>S.</strong></span> <span class='ocrx_word' id='word_1_463' title='bbox 3073 3302 3258 3366; x_wconf 88' lang='lat' dir='ltr'><strong>Sixti</strong></span> <span class='ocrx_word' id='word_1_464' title='bbox 3304 3302 3554 3366; x_wconf 91' lang='lat' dir='ltr'><strong>reddat</strong></span> 
     </span>
     <span class='ocr_line' id='line_1_88' title="bbox 1924 3396 3547 3460; baseline 0.001 -1"><span class='ocrx_word' id='word_1_465' title='bbox 1924 3397 2385 3460; x_wconf 90' lang='lat' dir='ltr'><strong>instrumenta</strong></span> <span class='ocrx_word' id='word_1_466' title='bbox 2445 3396 3191 3460; x_wconf 89' lang='lat' dir='ltr'><strong>excommunicationis</strong></span> <span class='ocrx_word' id='word_1_467' title='bbox 3258 3405 3327 3460; x_wconf 91' lang='lat' dir='ltr'><strong>et</strong></span> <span class='ocrx_word' id='word_1_468' title='bbox 3384 3417 3547 3460; x_wconf 91' lang='lat' dir='ltr'><strong>con-</strong></span> 
     </span>
     <span class='ocr_line' id='line_1_89' title="bbox 1927 3490 3553 3573; baseline 0 -18"><span class='ocrx_word' id='word_1_469' title='bbox 1927 3491 2389 3555; x_wconf 88' lang='lat' dir='ltr'><strong>demnationis</strong></span> <span class='ocrx_word' id='word_1_470' title='bbox 2433 3503 2503 3555; x_wconf 92' lang='lat' dir='ltr'><strong>et</strong></span> <span class='ocrx_word' id='word_1_471' title='bbox 2547 3501 2829 3556; x_wconf 86' lang='lat' dir='ltr'><strong>tenutae</strong></span> <span class='ocrx_word' id='word_1_472' title='bbox 2868 3492 3094 3567; x_wconf 89' lang='lat' dir='ltr'><strong>datae,</strong></span> <span class='ocrx_word' id='word_1_473' title='bbox 3141 3512 3323 3573; x_wconf 90' lang='lat' dir='ltr'><strong>quae</strong></span> <span class='ocrx_word' id='word_1_474' title='bbox 3368 3490 3553 3557; x_wconf 88' lang='lat' dir='ltr'><strong>Gan-</strong></span> 
     </span>
     <span class='ocr_line' id='line_1_90' title="bbox 1926 3585 2776 3650; baseline 0.001 -2"><span class='ocrx_word' id='word_1_475' title='bbox 1926 3585 2161 3650; x_wconf 90' lang='lat' dir='ltr'><strong>dulfus</strong></span> <span class='ocrx_word' id='word_1_476' title='bbox 2206 3595 2482 3649; x_wconf 88' lang='lat' dir='ltr'><strong>recusat</strong></span> <span class='ocrx_word' id='word_1_477' title='bbox 2526 3585 2776 3649; x_wconf 90' lang='lat' dir='ltr'><strong>facere.</strong></span> 
     </span>
    </p>
   </div>
   <div class='ocr_carea' id='block_1_35' title="bbox 1925 3774 3555 3949">
    <p class='ocr_par' dir='ltr' id='par_1_35' title="bbox 1925 3774 3555 3949">
     <span class='ocr_line' id='line_1_91' title="bbox 1925 3774 3555 3859; baseline 0.002 -22"><span class='ocrx_word' id='word_1_478' title='bbox 1925 3793 2020 3853; x_wconf 82' lang='grc'>94.</span> <span class='ocrx_word' id='word_1_479' title='bbox 2068 3812 2152 3820; x_wconf 89' lang='grc'><strong>-</strong></span> <span class='ocrx_word' id='word_1_480' title='bbox 2212 3794 2389 3851; x_wconf 91' lang='grc'>1221,</span> <span class='ocrx_word' id='word_1_481' title='bbox 2450 3780 2598 3859; x_wconf 81' lang='lat' dir='ltr'><strong>apr.</strong></span> <span class='ocrx_word' id='word_1_482' title='bbox 2657 3795 2755 3855; x_wconf 88' lang='lat'><strong>29,</strong></span> <span class='ocrx_word' id='word_1_483' title='bbox 2816 3775 2949 3850; x_wconf 86' lang='lat' dir='ltr'><strong>IX,</strong></span> <span class='ocrx_word' id='word_1_484' title='bbox 3011 3774 3085 3839; x_wconf 80' lang='lat' dir='ltr'><strong>in</strong></span> <span class='ocrx_word' id='word_1_485' title='bbox 3148 3776 3555 3840; x_wconf 79' lang='lat' dir='ltr'><strong>monasterio</strong></span> 
     </span>
     <span class='ocr_line' id='line_1_92' title="bbox 2009 3866 3279 3949; baseline 0.002 -18"><span class='ocrx_word' id='word_1_486' title='bbox 2009 3866 2319 3932; x_wconf 76' lang='lat' dir='ltr'><strong>Berselli.</strong></span> <span class='ocrx_word' id='word_1_487' title='bbox 2365 3868 2459 3941; x_wconf 80' lang='lat' dir='ltr'><strong>A,</strong></span> <span class='ocrx_word' id='word_1_488' title='bbox 2516 3890 2652 3948; x_wconf 86' lang='grc'>132,</span> <span class='ocrx_word' id='word_1_489' title='bbox 2709 3890 2843 3949; x_wconf 92' lang='grc'>192,</span> <span class='ocrx_word' id='word_1_490' title='bbox 2894 3874 3013 3948; x_wconf 81' lang='grc'>326</span> <span class='ocrx_word' id='word_1_491' title='bbox 3060 3890 3097 3933; x_wconf 79' lang='lat' dir='ltr'><strong>e</strong></span> <span class='ocrx_word' id='word_1_492' title='bbox 3139 3873 3279 3933; x_wconf 79' lang='lat' dir='ltr'><strong>aut.</strong></span> 
     </span>
    </p>
   </div>
   <div class='ocr_carea' id='block_1_36' title="bbox 1923 4004 3560 4382">
    <p class='ocr_par' dir='ltr' id='par_1_36' title="bbox 1923 4004 3560 4382">
     <span class='ocr_line' id='line_1_93' title="bbox 2013 4004 3560 4089; baseline -0.001 -18"><span class='ocrx_word' id='word_1_493' title='bbox 2013 4006 2489 4089; x_wconf 91' lang='lat' dir='ltr'><strong>Exceptiones</strong></span> <span class='ocrx_word' id='word_1_494' title='bbox 2553 4004 2913 4069; x_wconf 87' lang='lat' dir='ltr'><strong>dilatoriae</strong></span> <span class='ocrx_word' id='word_1_495' title='bbox 2978 4026 3155 4089; x_wconf 85' lang='lat' dir='ltr'><strong>quas</strong></span> <span class='ocrx_word' id='word_1_496' title='bbox 3226 4005 3560 4088; x_wconf 91' lang='lat' dir='ltr'><strong>proponit</strong></span> 
     </span>
     <span class='ocr_line' id='line_1_94' title="bbox 1925 4100 3557 4184; baseline -0.003 -16"><span class='ocrx_word' id='word_1_497' title='bbox 1925 4104 2236 4169; x_wconf 90' lang='lat' dir='ltr'><strong>sindicus</strong></span> <span class='ocrx_word' id='word_1_498' title='bbox 2280 4100 2663 4165; x_wconf 89' lang='lat' dir='ltr'><strong>Cremonae</strong></span> <span class='ocrx_word' id='word_1_499' title='bbox 2709 4108 2953 4163; x_wconf 89' lang='lat' dir='ltr'><strong>contra</strong></span> <span class='ocrx_word' id='word_1_500' title='bbox 2998 4100 3557 4184; x_wconf 87' lang='lat' dir='ltr'><strong>archipresbyte-</strong></span> 
     </span>
     <span class='ocr_line' id='line_1_95' title="bbox 1923 4193 3555 4277; baseline -0.004 -14"><span class='ocrx_word' id='word_1_501' title='bbox 1923 4219 2079 4263; x_wconf 90' lang='lat' dir='ltr'><strong>rum</strong></span> <span class='ocrx_word' id='word_1_502' title='bbox 2116 4195 2601 4270; x_wconf 89' lang='lat' dir='ltr'><strong>mutinensem,</strong></span> <span class='ocrx_word' id='word_1_503' title='bbox 2638 4195 2943 4277; x_wconf 91' lang='lat' dir='ltr'><strong>priorem</strong></span> <span class='ocrx_word' id='word_1_504' title='bbox 2981 4196 3069 4259; x_wconf 89' lang='lat' dir='ltr'><strong>de</strong></span> <span class='ocrx_word' id='word_1_505' title='bbox 3092 4193 3555 4268; x_wconf 82' lang='lat' dir='ltr'><strong>ColumbariO,</strong></span> 
     </span>
     <span class='ocr_line' id='line_1_96' title="bbox 1925 4288 3011 4382; baseline -0.003 -26"><span class='ocrx_word' id='word_1_506' title='bbox 1925 4304 1994 4382; x_wconf 78' lang='lat' dir='ltr'><strong>et</strong></span> <span class='ocrx_word' id='word_1_507' title='bbox 2038 4294 2271 4375; x_wconf 89' lang='lat' dir='ltr'><strong>ipsum</strong></span> <span class='ocrx_word' id='word_1_508' title='bbox 2315 4292 2643 4355; x_wconf 91' lang='lat' dir='ltr'><strong>abbatem</strong></span> <span class='ocrx_word' id='word_1_509' title='bbox 2687 4289 2759 4354; x_wconf 92' lang='lat' dir='ltr'><strong>S.</strong></span> <span class='ocrx_word' id='word_1_510' title='bbox 2804 4288 3011 4353; x_wconf 89' lang='lat' dir='ltr'><strong>Sixti.</strong></span> 
     </span>
    </p>
   </div>
   <div class='ocr_carea' id='block_1_37' title="bbox 1920 4475 3556 5547">
    <p class='ocr_par' dir='ltr' id='par_1_37' title="bbox 1921 4475 3556 5080">
     <span class='ocr_line' id='line_1_97' title="bbox 1990 4475 3555 4545; baseline -0.001 -14"><span class='ocrx_word' id='word_1_511' title='bbox 1990 4480 2033 4545; x_wconf 78' lang='lat'><em>†</em></span> <span class='ocrx_word' id='word_1_512' title='bbox 2070 4479 2245 4531; x_wconf 91' lang='lat' dir='ltr'><strong>Anno</strong></span> <span class='ocrx_word' id='word_1_513' title='bbox 2303 4476 2379 4531; x_wconf 87' lang='lat' dir='ltr'><strong>ab</strong></span> <span class='ocrx_word' id='word_1_514' title='bbox 2438 4477 2827 4531; x_wconf 87' lang='lat' dir='ltr'><strong>incarnatione</strong></span> <span class='ocrx_word' id='word_1_515' title='bbox 2890 4475 3125 4529; x_wconf 86' lang='lat' dir='ltr'><strong>Domini</strong></span> <span class='ocrx_word' id='word_1_516' title='bbox 3184 4476 3361 4530; x_wconf 90' lang='lat' dir='ltr'><strong>nostri</strong></span> <span class='ocrx_word' id='word_1_517' title='bbox 3424 4478 3555 4531; x_wconf 90' lang='lat' dir='ltr'><strong>Iesu</strong></span> 
     </span>
     <span class='ocr_line' id='line_1_98' title="bbox 1923 4551 3554 4620; baseline -0.001 -11"><span class='ocrx_word' id='word_1_518' title='bbox 1923 4555 2134 4609; x_wconf 86' lang='lat' dir='ltr'><strong>Christi</strong></span> <span class='ocrx_word' id='word_1_519' title='bbox 2180 4554 2484 4609; x_wconf 89' lang='lat' dir='ltr'><strong>millesimo</strong></span> <span class='ocrx_word' id='word_1_520' title='bbox 2536 4554 2935 4607; x_wconf 88' lang='lat' dir='ltr'><strong>ducentesimo</strong></span> <span class='ocrx_word' id='word_1_521' title='bbox 2994 4551 3275 4619; x_wconf 86' lang='lat' dir='ltr'><strong>vigesimo</strong></span> <span class='ocrx_word' id='word_1_522' title='bbox 3334 4553 3554 4620; x_wconf 90' lang='lat' dir='ltr'><strong>prim0‚</strong></span> 
     </span>
     <span class='ocr_line' id='line_1_99' title="bbox 1923 4630 3553 4697; baseline 0 -12"><span class='ocrx_word' id='word_1_523' title='bbox 1923 4632 2237 4687; x_wconf 90' lang='lat' dir='ltr'><strong>indictione</strong></span> <span class='ocrx_word' id='word_1_524' title='bbox 2282 4647 2455 4695; x_wconf 88' lang='lat' dir='ltr'><strong>nona,</strong></span> <span class='ocrx_word' id='word_1_525' title='bbox 2508 4630 2603 4684; x_wconf 89' lang='lat' dir='ltr'><strong>die</strong></span> <span class='ocrx_word' id='word_1_526' title='bbox 2645 4630 2904 4685; x_wconf 89' lang='lat' dir='ltr'><strong>secundo</strong></span> <span class='ocrx_word' id='word_1_527' title='bbox 2954 4638 3203 4683; x_wconf 89' lang='lat' dir='ltr'><strong>exeunte</strong></span> <span class='ocrx_word' id='word_1_528' title='bbox 3248 4630 3447 4697; x_wconf 87' lang='lat' dir='ltr'><strong>aprile,</strong></span> <span class='ocrx_word' id='word_1_529' title='bbox 3498 4632 3553 4685; x_wconf 88' lang='lat' dir='ltr'><strong>in</strong></span> 
     </span>
     <span class='ocr_line' id='line_1_100' title="bbox 1923 4706 3555 4775; baseline -0.001 -12"><span class='ocrx_word' id='word_1_530' title='bbox 1923 4708 2275 4763; x_wconf 87' lang='lat' dir='ltr'><strong>monasterio</strong></span> <span class='ocrx_word' id='word_1_531' title='bbox 2314 4707 2565 4771; x_wconf 87' lang='lat' dir='ltr'><strong>Berselli,</strong></span> <span class='ocrx_word' id='word_1_532' title='bbox 2610 4706 2899 4774; x_wconf 87' lang='lat' dir='ltr'><strong>presentia</strong></span> <span class='ocrx_word' id='word_1_533' title='bbox 2940 4706 3309 4760; x_wconf 90' lang='lat' dir='ltr'><strong>dominorum</strong></span> <span class='ocrx_word' id='word_1_534' title='bbox 3350 4707 3555 4775; x_wconf 86' lang='lat' dir='ltr'><strong>Filippi</strong></span> 
     </span>
     <span class='ocr_line' id='line_1_101' title="bbox 1921 4783 3555 4852; baseline -0.001 -13"><span class='ocrx_word' id='word_1_535' title='bbox 1921 4784 2380 4852; x_wconf 88' lang='lat' dir='ltr'><strong>archipresbiteri</strong></span> <span class='ocrx_word' id='word_1_536' title='bbox 2430 4784 2727 4852; x_wconf 80' lang='lat' dir='ltr'><strong>Guastallc</strong></span> <span class='ocrx_word' id='word_1_537' title='bbox 2772 4792 2830 4837; x_wconf 89' lang='grc'><strong>01</strong></span> <span class='ocrx_word' id='word_1_538' title='bbox 2874 4785 3007 4837; x_wconf 93' lang='lat' dir='ltr'><strong>Don</strong></span> <span class='ocrx_word' id='word_1_539' title='bbox 3046 4783 3272 4837; x_wconf 88' lang='lat' dir='ltr'><strong>Ricardi</strong></span> <span class='ocrx_word' id='word_1_540' title='bbox 3326 4793 3385 4837; x_wconf 90' lang='grc'><strong>01</strong></span> <span class='ocrx_word' id='word_1_541' title='bbox 3422 4786 3555 4838; x_wconf 90' lang='lat' dir='ltr'><strong>Don</strong></span> 
     </span>
     <span class='ocr_line' id='line_1_102' title="bbox 1922 4859 3554 4925; baseline -0.001 -9"><span class='ocrx_word' id='word_1_542' title='bbox 1922 4862 2203 4925; x_wconf 89' lang='lat' dir='ltr'><strong>Conradi,</strong></span> <span class='ocrx_word' id='word_1_543' title='bbox 2244 4878 2617 4916; x_wconf 87' lang='lat' dir='ltr'><strong>monacorum</strong></span> <span class='ocrx_word' id='word_1_544' title='bbox 2654 4861 2837 4915; x_wconf 88' lang='lat' dir='ltr'><strong>sancti</strong></span> <span class='ocrx_word' id='word_1_545' title='bbox 2878 4859 3204 4924; x_wconf 90' lang='lat' dir='ltr'><strong>Benedicti,</strong></span> <span class='ocrx_word' id='word_1_546' title='bbox 3242 4870 3301 4913; x_wconf 92' lang='lat' dir='ltr'><strong>et</strong></span> <span class='ocrx_word' id='word_1_547' title='bbox 3336 4860 3554 4914; x_wconf 90' lang='lat' dir='ltr'><strong>Albrici</strong></span> 
     </span>
     <span class='ocr_line' id='line_1_103' title="bbox 1921 4936 3556 4993; baseline -0.001 0"><span class='ocrx_word' id='word_1_548' title='bbox 1921 4939 2255 4993; x_wconf 86' lang='lat' dir='ltr'><strong>Tallamacii</strong></span> <span class='ocrx_word' id='word_1_549' title='bbox 2292 4949 2349 4993; x_wconf 94' lang='lat' dir='ltr'><strong>et</strong></span> <span class='ocrx_word' id='word_1_550' title='bbox 2388 4938 2607 4992; x_wconf 87' lang='lat' dir='ltr'><strong>Nicolai</strong></span> <span class='ocrx_word' id='word_1_551' title='bbox 2653 4936 2729 4992; x_wconf 90' lang='lat' dir='ltr'><strong>de</strong></span> <span class='ocrx_word' id='word_1_552' title='bbox 2768 4936 3043 4991; x_wconf 87' lang='lat' dir='ltr'><strong>Bredellis</strong></span> <span class='ocrx_word' id='word_1_553' title='bbox 3086 4945 3145 4991; x_wconf 92' lang='lat' dir='ltr'><strong>et</strong></span> <span class='ocrx_word' id='word_1_554' title='bbox 3192 4938 3392 4992; x_wconf 87' lang='lat' dir='ltr'><strong>Ottatii</strong></span> <span class='ocrx_word' id='word_1_555' title='bbox 3435 4954 3556 4993; x_wconf 87' lang='lat' dir='ltr'><strong>cor-</strong></span> 
     </span>
     <span class='ocr_line' id='line_1_104' title="bbox 1923 5015 2483 5080; baseline 0 -11"><span class='ocrx_word' id='word_1_556' title='bbox 1923 5016 2074 5080; x_wconf 87' lang='lat' dir='ltr'><strong>rerii,</strong></span> <span class='ocrx_word' id='word_1_557' title='bbox 2115 5016 2193 5069; x_wconf 88' lang='lat' dir='ltr'><strong>ibi</strong></span> <span class='ocrx_word' id='word_1_558' title='bbox 2230 5015 2483 5069; x_wconf 90' lang='lat' dir='ltr'><strong>testium.</strong></span> 
     </span>
    </p>

    <p class='ocr_par' dir='ltr' id='par_1_38' title="bbox 1920 5091 3556 5547">
     <span class='ocr_line' id='line_1_105' title="bbox 1993 5091 3553 5161; baseline -0.001 -14"><span class='ocrx_word' id='word_1_559' title='bbox 1993 5095 2059 5147; x_wconf 91' lang='lat' dir='ltr'><strong>In</strong></span> <span class='ocrx_word' id='word_1_560' title='bbox 2098 5092 2284 5160; x_wconf 89' lang='lat' dir='ltr'><strong>primo</strong></span> <span class='ocrx_word' id='word_1_561' title='bbox 2308 5092 2669 5160; x_wconf 88' lang='lat' dir='ltr'><strong>propositum</strong></span> <span class='ocrx_word' id='word_1_562' title='bbox 2694 5092 2801 5146; x_wconf 84' lang='lat' dir='ltr'><strong>suit</strong></span> <span class='ocrx_word' id='word_1_563' title='bbox 2822 5110 2926 5161; x_wconf 90' lang='lat' dir='ltr'><strong>per</strong></span> <span class='ocrx_word' id='word_1_564' title='bbox 2948 5091 3251 5146; x_wconf 88' lang='lat' dir='ltr'><strong>dominum</strong></span> <span class='ocrx_word' id='word_1_565' title='bbox 3278 5093 3553 5159; x_wconf 90' lang='lat' dir='ltr'><strong>Iacopum</strong></span> 
     </span>
     <span class='ocr_line' id='line_1_106' title="bbox 1921 5169 3555 5233; baseline 0.001 -10"><span class='ocrx_word' id='word_1_566' title='bbox 1921 5169 2305 5233; x_wconf 89' lang='lat' dir='ltr'><strong>Scarcosium,</strong></span> <span class='ocrx_word' id='word_1_567' title='bbox 2331 5170 2617 5223; x_wconf 89' lang='lat' dir='ltr'><strong>sindicum</strong></span> <span class='ocrx_word' id='word_1_568' title='bbox 2642 5170 2907 5223; x_wconf 89' lang='lat' dir='ltr'><strong>comunis</strong></span> <span class='ocrx_word' id='word_1_569' title='bbox 2927 5170 3213 5222; x_wconf 89' lang='lat' dir='ltr'><strong>Cremone</strong></span> <span class='ocrx_word' id='word_1_570' title='bbox 3239 5177 3297 5222; x_wconf 90' lang='lat' dir='ltr'><strong>et</strong></span> <span class='ocrx_word' id='word_1_571' title='bbox 3320 5169 3555 5224; x_wconf 88' lang='lat' dir='ltr'><strong>nomine</strong></span> 
     </span>
     <span class='ocr_line' id='line_1_107' title="bbox 1921 5245 3555 5313; baseline -0.001 -12"><span class='ocrx_word' id='word_1_572' title='bbox 1921 5247 2103 5313; x_wconf 88' lang='lat' dir='ltr'><strong>ipsius</strong></span> <span class='ocrx_word' id='word_1_573' title='bbox 2164 5247 2428 5300; x_wconf 89' lang='lat' dir='ltr'><strong>comunis</strong></span> <span class='ocrx_word' id='word_1_574' title='bbox 2452 5286 2465 5309; x_wconf 93' lang='lat'><strong>,</strong></span> <span class='ocrx_word' id='word_1_575' title='bbox 2518 5262 2712 5301; x_wconf 89' lang='lat' dir='ltr'><strong>coram</strong></span> <span class='ocrx_word' id='word_1_576' title='bbox 2772 5245 3012 5299; x_wconf 89' lang='lat' dir='ltr'><strong>domino</strong></span> <span class='ocrx_word' id='word_1_577' title='bbox 3070 5247 3308 5308; x_wconf 87' lang='lat' dir='ltr'><strong>Azone,</strong></span> <span class='ocrx_word' id='word_1_578' title='bbox 3346 5246 3555 5300; x_wconf 90' lang='lat' dir='ltr'><strong>abbate</strong></span> 
     </span>
     <span class='ocr_line' id='line_1_108' title="bbox 1920 5322 3556 5391; baseline -0.001 -15"><span class='ocrx_word' id='word_1_579' title='bbox 1920 5323 2103 5377; x_wconf 91' lang='lat' dir='ltr'><strong>sancti</strong></span> <span class='ocrx_word' id='word_1_580' title='bbox 2142 5322 2435 5377; x_wconf 90' lang='lat' dir='ltr'><strong>Benedicti</strong></span> <span class='ocrx_word' id='word_1_581' title='bbox 2474 5340 2649 5391; x_wconf 90' lang='lat' dir='ltr'><strong>supra</strong></span> <span class='ocrx_word' id='word_1_582' title='bbox 2685 5323 2927 5387; x_wconf 87' lang='lat' dir='ltr'><strong>Padum,</strong></span> <span class='ocrx_word' id='word_1_583' title='bbox 2965 5331 3023 5376; x_wconf 91' lang='lat' dir='ltr'><strong>et</strong></span> <span class='ocrx_word' id='word_1_584' title='bbox 3058 5322 3299 5376; x_wconf 90' lang='lat' dir='ltr'><strong>domino</strong></span> <span class='ocrx_word' id='word_1_585' title='bbox 3338 5323 3556 5375; x_wconf 83' lang='lat' dir='ltr'><strong>Pande-</strong></span> 
     </span>
     <span class='ocr_line' id='line_1_109' title="bbox 1921 5398 3552 5466; baseline -0.001 -13"><span class='ocrx_word' id='word_1_586' title='bbox 1921 5416 2149 5466; x_wconf 88' lang='lat' dir='ltr'><strong>camp0,</strong></span> <span class='ocrx_word' id='word_1_587' title='bbox 2181 5400 2658 5466; x_wconf 87' lang='lat' dir='ltr'><strong>archipresbitero</strong></span> <span class='ocrx_word' id='word_1_588' title='bbox 2680 5402 2922 5460; x_wconf 82' lang='lat' dir='ltr'><strong>Mutine,</strong></span> <span class='ocrx_word' id='word_1_589' title='bbox 2950 5408 3009 5452; x_wconf 91' lang='grc'><strong>01</strong></span> <span class='ocrx_word' id='word_1_590' title='bbox 3032 5398 3273 5453; x_wconf 88' lang='lat' dir='ltr'><strong>domino</strong></span> <span class='ocrx_word' id='word_1_591' title='bbox 3299 5399 3552 5461; x_wconf 81' lang='lat' dir='ltr'><strong>RustiCO,</strong></span> 
     </span>
     <span class='ocr_line' id='line_1_110' title="bbox 1923 5477 3553 5547; baseline 0.001 -18"><span class='ocrx_word' id='word_1_592' title='bbox 1923 5477 2113 5545; x_wconf 89' lang='lat' dir='ltr'><strong>priore</strong></span> <span class='ocrx_word' id='word_1_593' title='bbox 2148 5477 2223 5531; x_wconf 89' lang='lat' dir='ltr'><strong>de</strong></span> <span class='ocrx_word' id='word_1_594' title='bbox 2258 5478 2651 5543; x_wconf 82' lang='lat' dir='ltr'><strong>ColumbariO,</strong></span> <span class='ocrx_word' id='word_1_595' title='bbox 2688 5478 2849 5547; x_wconf 92' lang='lat' dir='ltr'><strong>quod</strong></span> <span class='ocrx_word' id='word_1_596' title='bbox 2884 5477 3079 5531; x_wconf 89' lang='lat' dir='ltr'><strong>omnia</strong></span> <span class='ocrx_word' id='word_1_597' title='bbox 3116 5492 3232 5545; x_wconf 87' lang='lat' dir='ltr'><strong>que</strong></span> <span class='ocrx_word' id='word_1_598' title='bbox 3265 5492 3553 5544; x_wconf 87' lang='lat' dir='ltr'><strong>propone—</strong></span> 
     </span>
    </p>
   </div>
  </div>
 </body>
</html>
