4050 6109
504 299 579 358 14
1512 287 1782 339 CODICE
1825 281 2346 336 DIPLOMATICO
2388 278 2847 331 CREMONESE

494 545 632 600 dem
667 546 740 599 sit
773 547 1098 601 necessaria
1131 545 1376 612 pecunia
1413 542 1468 597 in
1515 544 1757 599 masima
1799 542 2124 611 quantitate

493 630 553 676 et
587 622 663 675 ad
697 638 935 689 presens
971 631 1174 676 notum
1198 622 1271 675 sit
1294 628 1510 689 quanta
1543 619 1789 688 pecunia
1822 620 1897 673 sit
1929 635 2125 672 neces-

493 699 642 752 saria
684 699 938 765 predicta
986 698 1308 761 occasione,
1347 706 1407 751 et
1439 714 1572 751 cum
1622 698 1832 750 dificile
1875 696 1948 751 sit
1989 712 2125 749 con-

491 792 733 843 gregare
757 775 1061 830 consilium
1098 774 1467 829 merchandie
1495 791 1601 841 pro
1629 774 1899 841 predictis
1921 782 1980 826 et
2001 772 2125 826 aliis

494 852 829 906 necessariis
871 853 946 906 ad
999 852 1212 906 dictam
1266 851 1722 915 merchandiam,
1772 858 1834 904 et
1875 867 2008 905 cum
2054 850 2126 903 sit

493 928 662 983 valde
687 930 825 983 utile
843 938 901 983 et
925 929 1313 983 necessarium
1331 928 1484 982 dicte
1507 927 1875 982 merchandie
1899 935 1956 981 et
1979 943 2127 979 mer-

493 1006 758 1060 chatores
801 1005 1046 1059 civitatis
1089 1006 1375 1059 Cremone
1423 1004 1584 1072 quod
1627 1004 1778 1057 dicte
1820 1003 2127 1071 represalie

494 1083 764 1147 tolantur,
787 1090 846 1135 et
868 1099 1002 1136 cum
1029 1081 1195 1135 valde
1220 1082 1548 1135 dannosum
1571 1082 1644 1135 sit
1670 1081 2125 1135 merchatoribus

495 1159 740 1213 civitatis
775 1160 1062 1212 Cremone
1099 1158 1260 1226 quod
1296 1158 1448 1211 dicte
1492 1158 1798 1224 represalie
1834 1157 1997 1210 firme
2035 1174 2127 1209 re-

497 1244 787 1290 maneant.
836 1236 1059 1289 Idcirco
1095 1236 1142 1289 si
1186 1236 1374 1301 placet
1409 1235 1574 1288 vobis
1609 1234 1772 1301 quod
1807 1250 1980 1301 super
2021 1234 2127 1287 do-

497 1313 706 1375 mibus,
744 1312 1086 1376 redditibuS,
1113 1312 1356 1365 stateriis
1399 1320 1458 1364 et
1492 1310 1617 1364 aliis
1653 1311 1931 1365 reditibus
1974 1311 2126 1364 dicte

501 1389 870 1442 merchandie
896 1389 1185 1442 Cremone
1208 1387 1390 1454 possit
1413 1388 1592 1454 accipi
1617 1386 1797 1441 semel
1823 1396 1881 1441 et
1913 1387 2127 1455 pluries

497 1465 718 1518 denarii
737 1464 1040 1519 necessarii
1061 1464 1135 1517 ad
1159 1464 1444 1531 predictas
1465 1465 1798 1531 represalias
1820 1464 2125 1519 tollendas,

500 1544 574 1596 Et
609 1542 769 1609 quod
804 1543 1060 1609 predicta
1095 1541 1397 1595 occasione
1431 1541 1611 1608 possit
1639 1542 1813 1595 vendi
1847 1550 1905 1595 et
1939 1542 2129 1595 incan-

496 1620 604 1673 tari
639 1628 699 1672 et
731 1618 957 1686 pignori
990 1618 1224 1672 alienari
1259 1618 1334 1671 de
1368 1618 1534 1671 dictis
1569 1618 1859 1682 domibuS,
1885 1618 2129 1672 stateriis

499 1705 558 1749 et
603 1696 757 1762 pasis
791 1704 850 1749 et
895 1694 1022 1749 aliis
1071 1694 1349 1748 reditibus
1393 1702 1454 1748 et
1495 1694 1941 1749 obventionibus
1978 1695 2129 1748 dicte

502 1772 869 1826 merchandie
903 1772 978 1824 ad
1014 1780 1246 1839 tempus
1295 1788 1574 1837 magnum
1620 1780 1678 1825 et
1721 1789 1983 1839 parvum,
2022 1789 2128 1839 pro

499 1858 565 1903 ut
585 1849 788 1903 melius
807 1849 927 1901 fieri
946 1848 1175 1915 poterit,
1201 1865 1305 1915 per
1328 1849 1823 1915 recuperationem
1845 1850 2129 1903 dictorum

499 1926 869 1979 denariorum
905 1926 1006 1992 qui
1041 1925 1271 1979 fuerunt
1301 1926 1604 1979 necessarii
1629 1926 1804 1979 semel
1836 1934 1896 1979 et
1918 1926 2131 1994 pluries

503 2020 608 2070 pro
644 2002 895 2056 tolendis
929 2001 1096 2055 dictis
1132 2001 1474 2069 represaliiS,
1501 2010 1558 2056 et
1581 2002 1742 2069 quod
1767 2001 1840 2055 ad
1875 2003 2133 2069 predicta

503 2081 684 2147 possit
729 2080 849 2133 heri
894 2078 1148 2132 sindicus
1191 2078 1266 2133 ad
1311 2079 1698 2140 vendiciones,
1739 2078 2131 2145 delegationes

503 2166 563 2211 et
605 2157 745 2211 alias
787 2157 1167 2223 promisiones
1211 2155 1500 2209 faciendas
1534 2171 1650 2222 que
1694 2155 1904 2209 fuerint
1937 2172 2133 2210 neces-

503 2234 651 2288 sarie
695 2233 863 2287 utiles
898 2242 958 2287 et
999 2240 1282 2301 oportune
1324 2232 1383 2285 in
1429 2232 1698 2299 predictis
1732 2240 1790 2285 et
1825 2234 1972 2286 circa
2006 2250 2133 2301 pre-

505 2310 676 2363 dicta.
715 2311 789 2363 Et
823 2310 872 2363 si
906 2308 1094 2376 placet
1129 2308 1295 2362 vobis
1330 2309 1490 2376 quod
1533 2309 1824 2375 predictus
1860 2309 2133 2364 dominus

505 2386 802 2439 Nicolinus
837 2402 970 2439 curn
1007 2384 1338 2439 consulibus
1381 2384 1752 2439 merchandie
1785 2393 1845 2438 et
1877 2388 2134 2440 comuni-

502 2463 634 2516 tatis
669 2471 728 2515 et
761 2462 1115 2529 sapientibus
1149 2462 1392 2515 civitatis
1425 2478 1530 2515 seu
1566 2462 1767 2515 maiori
1802 2464 1946 2529 parti
1983 2462 2135 2529 ipso-

504 2556 634 2592 rum
668 2539 851 2607 possit
885 2538 1097 2592 habere
1143 2548 1203 2592 et
1247 2537 1457 2591 habeat
1499 2537 1735 2605 plenum
1783 2547 1843 2593 et
1887 2540 2132 2593 liberum

508 2616 808 2670 arbitrium
843 2624 903 2669 et
943 2617 1174 2683 plenam
1217 2622 1277 2668 et
1317 2614 1558 2669 liberam
1609 2615 1856 2682 bayliam
1900 2632 2135 2682 reeupe-

507 2693 670 2747 randi
691 2692 871 2747 semel
890 2702 949 2745 et
969 2691 1182 2760 pluries
1204 2691 1510 2758 pecuniam
1529 2692 1908 2746 necessariam
1932 2694 2133 2747 utilem

504 2779 562 2824 et
584 2776 930 2836 oportunam
953 2768 1210 2835 predicta
1233 2768 1553 2832 occasione,
1575 2776 1633 2821 et
1650 2768 1812 2835 quod
1830 2769 1982 2835 posit
1999 2786 2136 2823 ven-

505 2846 663 2909 dere,
700 2844 1007 2911 aligenare,
1042 2844 1318 2911 obligare,
1346 2844 1636 2898 incantare
1661 2844 1736 2898 de
1761 2845 1950 2910 rebus,
1988 2847 2135 2900 redi-

503 2923 678 2985 tibus,
715 2921 978 2985 stateriiS,
1004 2921 1158 2988 pasis
1181 2930 1240 2975 et
1270 2921 1396 2975 aliis
1430 2921 1709 2975 reditibus
1747 2923 2133 2988 merchandie,

503 3008 672 3066 pacta
706 3007 764 3052 et
797 2999 1220 3052 convenciones
1254 2998 1459 3061 facere,
1487 2999 1868 3065 promisiones
1902 3008 1960 3053 et
1992 3000 2136 3054 obli-

502 3074 766 3142 gationae
799 3091 934 3129 cum
969 3091 1119 3142 pena
1153 3082 1212 3129 et
1255 3075 1380 3129 sine
1414 3090 1582 3143 pena,
1620 3091 1753 3130 cum
1797 3076 2135 3143 pignoribus

505 3161 564 3206 et
599 3152 723 3205 sine
757 3152 832 3205 ad
866 3161 1096 3218 tempus
1132 3168 1408 3219 magnum
1443 3160 1502 3205 et
1534 3167 1796 3218 parvum,
1823 3169 1928 3219 pro
1965 3162 2029 3207 ut
2052 3154 2135 3207 eis

507 3228 794 3282 videbitur
829 3237 887 3283 et
921 3228 1092 3282 fuerit
1126 3229 1182 3281 in
1207 3227 1515 3282 concordia
1537 3245 1670 3281 cum
1705 3230 2135 3284 contraentibus

507 3322 611 3359 seu
659 3306 1063 3372 recipientibus
1112 3304 1187 3359 de
1239 3305 1406 3359 bonis
1451 3313 1509 3359 et
1563 3306 1734 3359 rebus
1786 3305 1936 3360 dicte
1991 3324 2136 3360 mer-

508 3381 770 3445 chandie,
808 3390 867 3435 et
900 3382 1063 3449 quod
1099 3380 1156 3435 in
1194 3381 1465 3449 predictis
1487 3391 1546 3454 et
1579 3382 1837 3448 predicta
1872 3383 2022 3449 posit
2058 3383 2136 3437 fa-

507 3475 638 3512 cere
674 3459 964 3525 complere
999 3468 1058 3513 et
1093 3458 1418 3535 executioni
1454 3458 1730 3513 mandare
1753 3460 2135 3527 promisiones

509 3543 569 3589 et
602 3536 982 3602 obligationes
1005 3537 1192 3590 facere
1216 3552 1251 3588 a
1274 3552 1337 3589 se
1361 3544 1418 3590 et
1441 3552 1545 3603 per
1573 3552 1636 3590 se
1659 3534 1782 3590 sine
1804 3537 2000 3604 aliquo
2022 3537 2135 3592 alio

509 3612 748 3667 consilio
783 3620 842 3666 et
883 3612 1007 3666 sine
1048 3612 1162 3667 alio
1206 3612 1403 3679 aliquo
1441 3613 1665 3666 sindico
1699 3614 2009 3668 constituto
2046 3614 2136 3667 vel

509 3688 914 3743 constituendo
948 3706 1054 3756 pro
1091 3698 1153 3743 ut
1187 3690 1392 3744 melius
1427 3690 1704 3757 placuerit
1736 3706 1799 3743 se
1833 3707 1966 3744 cum
2000 3707 2139 3744 cun—

508 3766 826 3820 traentibus
848 3767 938 3820 vel
965 3766 1129 3832 quasi
1157 3767 1412 3833 predicta
1436 3766 1740 3820 occasione
1765 3774 1822 3821 et
1849 3766 2008 3834 quod
2033 3783 2138 3833 pro

512 3843 677 3896 dictis
713 3851 772 3897 et
805 3842 952 3896 circa
987 3842 1243 3908 predicta
1278 3843 1368 3897 vel
1402 3843 1706 3897 occasione
1742 3842 2138 3910 predictorum

511 3920 822 3973 consulatis
857 3918 1143 3986 quidquid
1178 3920 1344 3973 vobis
1378 3921 1624 3974 videtur.

580 3996 678 4049 Ad
705 4013 820 4063 que
841 3996 1049 4049 suresit
1083 3995 1354 4050 dominus
1378 3997 1704 4051 Zoanninus
1741 3996 1814 4049 de
1848 3998 2139 4063 Stagnatis

511 4081 571 4127 et
605 4070 893 4127 consuluit
925 4072 1088 4140 quod
1131 4073 1189 4126 in
1227 4074 1496 4127 omnibus
1531 4083 1588 4127 et
1632 4091 1736 4142 per
1771 4074 1967 4127 omnia
2011 4091 2143 4141 pro-

513 4150 750 4204 cedatur
785 4159 844 4204 et
877 4150 976 4203 fiat
1010 4158 1068 4204 et
1112 4150 1343 4203 firmum
1385 4150 1460 4204 sit
1505 4167 1610 4217 pro
1655 4161 1720 4205 ut
1764 4151 1821 4205 in
1866 4160 2142 4218 proposta

511 4226 739 4294 plenius
773 4226 1098 4280 continetur
1133 4235 1192 4279 et
1225 4234 1450 4281 tantum
1486 4228 1634 4293 plus,
1666 4228 1826 4294 quod
1853 4228 2049 4282 omnia
2073 4246 2142 4282 ea

513 4312 573 4359 et
608 4303 834 4369 singula
857 4303 1078 4369 possint
1101 4303 1222 4357 fieri
1259 4304 1316 4355 in
1341 4303 1611 4369 predictis
1634 4313 1694 4358 et
1716 4305 1862 4358 circa
1886 4306 2143 4373 predicta

515 4396 620 4448 pro
654 4380 1098 4433 confirmacione
1133 4396 1335 4434 eorum
1371 4387 1430 4433 et
1463 4380 1601 4432 iuris
1636 4396 1838 4433 eorum
1873 4382 1972 4448 qui
2008 4399 2143 4436 con·-

514 4464 703 4511 traent
735 4472 840 4509 seu
875 4454 1141 4509 denarios
1175 4456 1398 4509 dabunt
1432 4455 1687 4522 predicta
1709 4457 1784 4511 de
1808 4473 2000 4521 causa,
2024 4476 2141 4525 que

513 4534 723 4587 fuerint
757 4533 1080 4587 necessaria
1114 4533 1272 4586 utilia
1293 4532 1386 4586 vel
1409 4540 1718 4599 oportuna,
1745 4542 1802 4587 et
1826 4534 1901 4587 de
1927 4535 2141 4601 quibus

515 4610 726 4665 suerint
762 4610 820 4663 in
855 4610 1164 4664 concordia
1207 4626 1340 4663 cum
1383 4610 1523 4677 ipsis
1557 4612 1987 4665 contraentibus
2036 4612 2143 4666 hac

515 4688 562 4741 si
597 4703 701 4753 per
735 4703 972 4753 presens
1007 4686 1311 4741 consilium
1353 4687 1596 4742 fuissent
1639 4687 1787 4740 facta
1823 4696 1880 4741 et
1923 4689 2143 4743 confer—

519 4772 673 4817 mata
707 4778 810 4817 seu
847 4764 1120 4829 promisa.

589 4840 920 4894 Reformato
956 4840 1216 4906 predicto
1249 4839 1488 4895 consilio
1513 4849 1573 4895 et
1607 4841 1756 4894 facto
1791 4848 1848 4894 et
1881 4841 2142 4896 revoluto

518 4917 727 4983 partito
761 4932 866 4982 per
900 4917 1220 4983 predictum
1243 4916 1548 4972 dominum
1587 4916 1915 4971 Nicolinum
1951 4934 2056 4984 pro
2079 4936 2142 4973 se

518 5000 578 5045 et
612 4992 777 5046 dictis
812 4993 982 5047 sociis
1017 4993 1137 5047 suis
1171 5010 1304 5047 cum
1340 4993 1558 5047 busolis
1594 5001 1654 5047 et
1687 4993 1909 5055 balotiS,
1950 4994 2008 5048 ili
2044 4997 2143 5062 qui

519 5067 826 5124 voluerunt
861 5069 1023 5137 quod
1069 5070 1127 5123 in
1173 5070 1442 5137 predictis
1487 5070 1759 5124 omnibus
1806 5078 1864 5124 et
1905 5072 2145 5137 singulis

519 5146 864 5213 procedatur
897 5154 957 5200 et
991 5146 1107 5211 fiat,
1135 5163 1240 5213 pro
1266 5156 1328 5201 ut
1351 5148 1711 5214 propositum
1737 5158 1795 5202 et
1817 5149 2145 5203 consultum

521 5230 608 5275 est
642 5238 745 5290 per
779 5223 1102 5290 predictum
1128 5223 1429 5278 dominum
1456 5226 1834 5287 Zoanninum,
1861 5234 2145 5293 ponentes

520 5299 742 5353 balotas
787 5316 920 5353 suas
973 5300 1030 5353 in
1080 5300 1284 5354 busola
1329 5302 1612 5363 vermilia,
1661 5319 1777 5369 que
1829 5303 2147 5367 aprobabat

521 5376 777 5442 predicta
813 5376 931 5429 fieri
967 5376 1200 5442 debere,
1237 5378 1465 5431 suerunt
1499 5395 1744 5433 numero
1775 5380 2144 5444 centumdue,

521 5461 581 5508 et
615 5453 672 5507 ili
707 5470 846 5508 vero
879 5454 979 5523 qui
1015 5454 1362 5508 contrarium
1394 5456 1718 5522 voluerunt,
1745 5465 2027 5525 ponentes
2050 5457 2148 5511 ba-

2222 531 2367 585 lotas
2410 548 2544 586 suas
2592 532 2648 586 in
2692 530 2926 585 bussola
2978 530 3149 598 galda
3183 546 3299 598 que
3334 531 3681 598 reprobabat
3726 546 3858 597 pre-

2222 608 2375 662 dicta
2408 609 2531 663 fieri
2563 626 2681 663 non
2705 609 2937 671 debere,
2964 609 3194 663 fuerunt
3214 624 3457 661 numero
3480 608 3619 662 du0.
3644 609 3859 660 Testes

2226 686 2585 739 Bonzaninus
2610 686 2685 739 de
2718 687 2906 751 Sest0,
2934 686 3276 750 Farulfinus,
3303 685 3526 740 Maseus
3552 694 3611 739 et
3648 686 3858 739 Petrus

2224 762 2298 816 de
2334 762 2522 816 Oxilia
2554 763 2785 817 correrii
2822 763 3211 817 merchandie.

2290 866 2331 929 †
2370 867 2496 931 Ego
2530 866 2926 920 Ambroxinus
2962 867 3036 921 de
3083 866 3333 919 Blancha
3378 866 3633 919 notarius
3682 882 3717 918 a
3762 881 3859 918 co-

2224 942 2361 995 mite
2396 944 2589 997 Sancti
2627 944 2913 998 Bonefacii
2937 952 2996 997 et
3020 944 3276 997 notarius
3302 944 3453 997 dicte
3478 942 3857 996 merchandie

2225 1020 2493 1084 predictis
2530 1020 2755 1074 interfui
2792 1029 2851 1075 et
2883 1022 3031 1075 hanc
3068 1030 3283 1074 cartam
3320 1028 3555 1087 rogatus
3590 1019 3819 1085 scripsi.

3002 1244 3081 1298 ΙΙ.

2294 1384 2334 1446 -3-
2360 1383 2535 1436 Anno
2556 1382 2846 1437 dominice
2868 1383 3273 1437 incarnationis
3296 1383 3601 1438 millesimo
3634 1392 3863 1437 trecen-

2227 1460 2443 1513 teximo
2488 1469 2721 1525 octavo,
2766 1460 3055 1514 indicione
3100 1460 3372 1528 septima,
3419 1460 3515 1514 die
3564 1476 3729 1513 nono
3782 1460 3863 1513 se-

2226 1538 2458 1599 bruarii,
2484 1538 2543 1590 in
2578 1538 2798 1605 palacio
2824 1538 3192 1591 merchandie
3217 1538 3524 1600 Cremone,
3554 1537 3863 1605 presencia

2231 1614 2539 1667 Bonzanini
2574 1614 2648 1666 de
2684 1616 2871 1678 Sest0,
2912 1614 3182 1668 Farolfini
3228 1614 3459 1668 correrii
3496 1622 3555 1668 et
3590 1614 3747 1667 Petri
3786 1612 3863 1665 de

2229 1690 2417 1744 Oxilia
2450 1690 2701 1754 correrii,
2728 1690 2807 1743 ibi
2842 1691 3075 1745 testium
3111 1698 3465 1757 rogatorum.
3505 1691 3573 1743 In
3594 1690 3779 1756 pleno
3804 1699 3863 1743 et

2228 1768 2479 1833 generali
2513 1766 2753 1821 consilio
2800 1766 3169 1821 merchandie
3204 1768 3511 1830 Cremone,
3548 1783 3729 1833 super
3766 1783 3863 1833 pa—

2229 1844 2375 1897 lacio
2410 1844 2562 1897 dicte
2599 1844 2966 1897 merchandie
3001 1853 3353 1911 congregato
3386 1860 3535 1899 sono
3568 1860 3862 1910 campane

2230 1938 2391 1975 more
2426 1921 2614 1985 solito,
2653 1921 2709 1974 in
2747 1938 2867 1988 quo
2890 1920 3125 1988 quidem
3156 1922 3397 1975 consilio
3420 1930 3584 1975 erant
3618 1929 3859 1974 centum

2229 1997 2585 2052 credenderii
2630 2007 2690 2052 et
2742 1997 2899 2066 pluS,
2954 1996 3224 2051 dominus
3282 1997 3580 2051 Nicolinus
3632 1996 3861 2051 domini

2232 2075 2403 2129 Masei
2446 2075 2693 2128 condam
2742 2073 2817 2127 de
2867 2074 3119 2138 Doxino,
3157 2074 3464 2141 preconsul
3506 2074 3663 2128 dicte
3712 2090 3863 2127 mer-

2230 2152 2493 2213 chandie,
2531 2151 2605 2205 de
2639 2151 2935 2205 voluntate
2968 2151 3188 2205 domini
3224 2151 3473 2217 Egidioli
3496 2150 3573 2205 de
3608 2152 3865 2205 Blancha

2232 2228 2576 2297 preconsuli,
2604 2227 2917 2282 Guillielmi
2952 2227 3027 2281 de
3066 2228 3443 2292 MoschardiS,
3484 2228 3766 2282 Chabrini
3792 2227 3866 2280 de

2235 2305 2502 2359 Porcellis
2552 2314 2611 2359 et
2664 2305 2879 2358 Facioli
2930 2305 3006 2358 de
3058 2305 3302 2358 Barbata
3352 2305 3657 2359 consulum
3718 2320 3867 2357 mer-

2232 2382 2497 2445 chandie,
2520 2391 2579 2435 et
2603 2381 2973 2435 dominorum
3000 2381 3215 2435 Melioli
3238 2381 3314 2434 de
3336 2380 3713 2447 Siginbaldis‚
3744 2382 3867 2433 Mo—

2232 2460 2402 2513 roelis
2438 2460 2513 2513 de
2550 2459 2985 2526 Mazinpedibus
3019 2466 3078 2511 et
3113 2459 3455 2512 Bertolamei
3480 2458 3557 2512 de
3592 2458 3867 2512 Zubianis

2231 2536 2501 2590 cunsules
2542 2535 2909 2589 comunitatis
2952 2535 3215 2589 eiusdem
3234 2576 3247 2599 ,
3294 2543 3354 2589 et
3402 2536 3864 2589 consiliariorum

2232 2614 2596 2679 esistencium
2634 2614 2691 2666 in
2725 2614 2853 2679 ipso
2877 2612 3137 2675 consili0,
3163 2621 3223 2666 et
3256 2612 3366 2679 ipsi
3400 2612 3708 2667 consiliarii
3732 2628 3866 2666 cum

2195 2726 2201 2734 ·
2232 2691 2315 2745 eis
2350 2700 2408 2745 et
2443 2691 2573 2758 quis
2608 2698 2666 2743 et
2699 2689 2942 2757 quilibet
2974 2706 3177 2743 eorum
3214 2690 3419 2744 melius
3442 2698 3656 2756 posunt
3678 2698 3744 2743 et
3766 2706 3867 2755 po—

2232 2776 2492 2832 tuerunt,
2539 2767 2824 2831 fecerunt,
2869 2768 3287 2820 constituerunt
3338 2776 3399 2821 et
3448 2766 3865 2820 ordinaverunt

2233 2862 2369 2899 suos
2405 2853 2464 2899 et
2498 2844 2649 2897 dicte
2685 2843 3050 2897 merchandie
3074 2844 3333 2907 nonciOS,
3356 2844 3608 2898 sindicos
3638 2852 3701 2897 et
3737 2858 3864 2909 pro-

2232 2932 2543 2986 curatores,
2578 2929 2637 2975 et
2670 2938 2791 2988 quo
2828 2920 3005 2974 modo
3040 2929 3097 2974 et
3133 2921 3367 2974 nomine
3400 2921 3609 2974 melius
3642 2936 3864 2974 noncu-

2231 3000 2355 3067 pari
2388 3006 2619 3066 posunt,
2659 2996 3014 3051 Farulfinum
3048 3005 3108 3052 et
3144 2998 3401 3051 Maseum
3424 2997 3709 3051 correrios
3738 3014 3863 3063 pre-

2228 3085 2423 3131 sentes
2440 3085 2499 3131 et
2515 3075 2854 3142 recipientes
2872 3082 2929 3128 et
2946 3073 3262 3141 quemlibet
3280 3090 3483 3128 eorum
3502 3075 3561 3127 in
3582 3074 3855 3136 solidum,

2232 3156 2309 3208 ita
2342 3153 2505 3221 quod
2537 3152 2839 3219 ocupantis
2864 3168 2981 3206 non
3002 3151 3078 3205 sit
3098 3150 3301 3205 melior
3323 3151 3589 3205 condicio
3611 3160 3670 3205 et
3694 3150 3856 3219 quod

2232 3248 2382 3285 unus
2415 3247 2619 3284 eorum
2644 3229 2919 3295 inceperit
2940 3229 3087 3283 alius
3110 3228 3262 3295 posit
3284 3228 3574 3296 persequi,
3600 3228 3858 3281 mediare

2232 3318 2288 3363 et
2322 3307 2519 3371 fenire,
2554 3306 2631 3359 ad
2661 3305 2922 3359 >alodium
2945 3305 3317 3359 vendendum
3340 3322 3443 3359 seu
3469 3305 3694 3372 pignori
3720 3305 3859 3358 obli-

2230 3384 2516 3451 gandum,
2566 3391 2738 3450 prout
2784 3381 2991 3435 melius
3038 3382 3161 3435 fieri
3206 3382 3433 3447 poterit,
3468 3382 3547 3435 de
3588 3382 3760 3435 bonis
3802 3390 3858 3434 et

2233 3463 2407 3515 rebus
2442 3460 2593 3513 dicte
2627 3458 2995 3513 merchandie
3032 3458 3341 3511 mobilibus
3374 3467 3434 3512 et
3468 3458 3857 3511 immobilibus

2233 3547 2291 3593 et
2325 3538 2489 3591 dacia
2522 3537 2898 3591 staderiarum
2935 3536 3186 3603 ipsarum
3226 3534 3283 3587 in
3318 3535 3547 3590 civitate
3572 3536 3857 3589 Cremone

2234 3625 2291 3669 et
2315 3616 2371 3669 in
2397 3614 2652 3668 districtu
2678 3622 2735 3667 et
2758 3629 2961 3667 omnes
2984 3612 3126 3666 alios
3150 3612 3367 3665 reditus
3390 3620 3451 3666 et
3472 3612 3857 3665 obvenciones

2234 3693 2385 3747 dicte
2422 3690 2808 3753 merchandie,
2834 3690 2893 3743 in
2927 3697 3273 3756 perpetuum
3296 3697 3355 3743 et
3378 3688 3453 3742 ad
3488 3698 3720 3756 tempus
3744 3706 3857 3743 ma—

2234 3774 2415 3836 gnum
2458 3776 2516 3822 et
2564 3784 2806 3834 parvum
2854 3772 3034 3820 semel
3078 3774 3137 3819 et
3178 3766 3412 3832 plurieS,
3448 3774 3621 3832 prout
3654 3782 3857 3819 necese

2236 3845 2405 3900 fuerit
2440 3853 2498 3899 et
2532 3844 2669 3898 utile
2705 3843 2855 3897 dicte
2890 3843 3279 3907 merchandie,
3317 3858 3422 3909 pro
3466 3842 3856 3909 recuperando

2236 3930 2296 3976 et
2329 3922 2598 3976 habendo
2633 3922 2813 3975 semel
2838 3930 2896 3974 et
2914 3920 3128 3988 pluries
3150 3936 3185 3973 a
3209 3935 3579 3986 quacumque
3612 3934 3856 3985 persona

2238 3998 2465 4053 volente
2488 3998 2825 4052 contrahere
2850 4014 2985 4051 cum
3013 3997 3136 4064 ipsa
3160 3996 3531 4051 merchandia
3552 3997 3853 4063 pecuniam

2239 4076 2591 4129 necesariam
2638 4092 2741 4129 seu
2790 4074 2989 4129 utilem
3024 4090 3131 4140 pro
3164 4072 3403 4127 tolendo
3439 4090 3545 4128 seu
3580 4072 3854 4127 solvendo

2240 4152 2572 4219 represalias
2621 4168 2766 4219 quas
2818 4151 2993 4205 hodie
3044 4166 3292 4205 comune
3336 4150 3703 4204 Veniciarum
3756 4164 3853 4204 seu

2240 4230 2555 4296 singulares
2602 4244 2847 4297 persone
2883 4228 3036 4282 dicte
3082 4227 3326 4281 civitatis
3369 4234 3570 4281 contra
3614 4242 3855 4281 comune

2240 4307 2527 4360 Cremone
2574 4313 2633 4358 et
2683 4304 3002 4371 singulares
3049 4320 3324 4372 personas
3368 4311 3427 4357 et
3478 4304 3855 4358 merchatores

2239 4383 2480 4436 civitatis
2516 4383 2830 4445 Cremone,
2867 4388 2927 4435 et
2968 4379 3044 4435 ad
3090 4379 3417 4435 faciendum
3462 4381 3659 4434 omnia
3707 4381 3851 4440 data,

2239 4476 2444 4513 omnes
2486 4459 2867 4526 promisiones
2910 4466 2969 4511 et
3009 4457 3371 4511 confesiones
3416 4457 3854 4524 promisionibus

2238 4545 2299 4590 et
2340 4536 2796 4603 obligacionibus
2848 4552 2981 4589 cum
3033 4535 3371 4601 pignoribus
3419 4542 3479 4588 et
3524 4535 3675 4597 sine,
3726 4548 3851 4589 cum

2238 4630 2391 4681 pena
2424 4621 2483 4667 et
2515 4612 2639 4666 sine
2674 4630 2844 4679 pena,
2882 4610 3304 4667 convenciones
3344 4619 3404 4665 et
3449 4610 3726 4665 terminos
3759 4626 3853 4663 co-

2238 4690 2554 4743 lochandos
2590 4689 2861 4757 predictis
2910 4689 2984 4743 de
3020 4689 3207 4743 causis
3251 4688 3327 4741 ad
3370 4688 3523 4742 dicta
3564 4697 3730 4756 pacta
3774 4688 3854 4741 fa-

2240 4767 2445 4820 cienda
2479 4774 2537 4820 et
2581 4766 2895 4830 inserenda,
2931 4774 3103 4832 prout
3137 4766 3341 4819 melius
3377 4765 3498 4819 fieri
3542 4766 3766 4832 poterit,
3800 4770 3852 4816 et

2240 4843 2560 4897 secundum
2597 4844 2756 4911 quod
2801 4852 3051 4896 emtores
3098 4858 3203 4896 seu
3258 4850 3621 4897 contraentes
3656 4841 3851 4895 fuerint

2241 4920 2296 4972 in
2334 4920 2641 4974 concordia
2675 4937 2808 4974 cum
2844 4921 2969 4987 ipso
3004 4919 3244 4973 domino
3282 4918 3546 4973 Nicolino
3570 4927 3629 4972 et
3662 4933 3851 4973 consu-

2239 4996 2389 5050 libus
2426 4997 2792 5051 merchandie
2828 5006 2885 5051 et
2920 4996 3305 5062 comunitatiS,
3333 4995 3537 5051 dantes
3572 5004 3631 5049 et
3664 5009 3850 5049 conce-

2240 5076 2445 5129 dentes
2480 5074 2750 5143 predietis
2784 5074 2903 5127 suis
2937 5074 3169 5127 sindicis
3206 5082 3265 5127 et
3309 5074 3769 5140 procuratoribus
3800 5076 3850 5123 et

2242 5152 2477 5205 cuilibet
2511 5166 2711 5203 eorum
2748 5150 2925 5203 modo
2962 5149 3219 5217 predicto
3256 5149 3491 5217 plenum
3528 5158 3587 5203 et
3620 5150 3847 5202 liberum

2243 5237 2301 5281 et
2344 5229 2610 5293 generale
2656 5225 2989 5279 mandatum
3031 5235 3090 5279 et
3133 5228 3460 5291 generalem
3511 5226 3851 5280 administra-

2243 5303 2470 5357 cionem
2517 5303 2779 5367 dicendi,
2817 5304 3163 5370 promitendi
3202 5341 3443 5358 .....
3481 5312 3540 5357 et
3573 5300 3848 5369 obligandi

2246 5380 2320 5433 de
2354 5380 2522 5434 bonis
2566 5390 2623 5433 et
2670 5383 2825 5435 bona
2869 5379 3237 5433 merchandie
3284 5380 3528 5433 faciendi
3564 5380 3720 5448 quod
3754 5376 3847 5431 sibi

2246 5456 2451 5512 melius
2487 5457 2771 5511 videbitur
2806 5466 2864 5512 et
2912 5457 3117 5510 melius
3167 5457 3289 5510 fieri
3334 5458 3561 5524 poterit,
3598 5464 3765 5525 prout
3795 5455 3845 5507 in
