4050 6109
557 326 675 386 104

1551 321 1819 372 CODICE
1863 321 2380 371 DIPLOMATICO
2426 322 2883 373 CREMONESE

2877 442 3704 456 -0—..-—-—.-.—-——.-————.--
3717 448 3742 453 —
3755 449 3808 454 —-
3817 450 3872 456 -—-

1521 1133 2159 1235 DOCUMENTl
2238 1135 2599 1234 DELLA
2678 1135 2929 1234 LITE

2152 1389 2298 1438 CON

777 1608 1514 1738 BONlNo
1624 1541 2883 1736 MOMMOLERlo
3008 1607 3174 1730 D1
3282 1607 3672 1733 ASTI

1991 1890 2464 1942 1224-1230.

554 2304 600 2345 1.
649 2321 728 2328 —--
784 2302 940 2360 1224
985 2285 1173 2362 (1223
1209 2278 1377 2360 ina),
1417 2280 1614 2340 mart.
1657 2295 1754 2348 22,
1802 2274 1969 2346 XIL
2028 2273 2177 2338 Cre·
2226 2287 2231 2311 ¹
2276 2272 2442 2324 blave
2477 2287 2651 2338 quam
2690 2271 2977 2324 ducebant
3012 2270 3086 2323 ad
3122 2271 3491 2333 Cremonam,
3538 2279 3596 2324 et
3630 2288 3703 2323 ea
3740 2287 3901 2322 occa-

641 2396 894 2440 monae.
941 2375 1008 2439 A
1009 2380 1080 2458 p.

639 2512 1055 2576 Guilielmus
1114 2511 1378 2575 Cervus
1431 2508 1796 2572 constituit
1856 2526 2180 2588 procura-

554 2618 741 2670 tores
787 2607 876 2668 ad
940 2606 1318 2686 petendum
1375 2625 1416 2666 a
1469 2603 1748 2666 comuni
1802 2601 2183 2664 Cremonae

561 2721 687 2783 per
729 2720 803 2762 se
847 2710 916 2763 et
963 2720 1127 2762 suos
1173 2698 1402 2760 socios
1456 2717 1697 2759 omnes
1742 2716 1957 2758 naves
2003 2714 2183 2776 quae

559 2795 992 2859 necessariae
1013 2793 1270 2855 fuerint
1286 2793 1374 2854 ad
1396 2791 1880 2853 adducendum
1904 2789 2183 2852 blavam

562 2900 633 2953 et
675 2889 1034 2972 legumina
1077 2887 1487 2949 Cremonam
1533 2895 1602 2947 et
1660 2887 1750 2947 ad
1809 2884 2185 2966 petendum

563 2982 982 3046 solutionem
1027 2981 1112 3042 de
1159 2978 1364 3041 dictis
1409 2979 1727 3041 navibuS.

562 3208 618 3251 2.
673 3225 754 3234 -—
809 3208 986 3266 1224,
1045 3185 1218 3250 mad.
1290 3206 1381 3264 15,
1451 3186 1620 3258 XII,
1674 3185 2060 3256 Cremonae,
2115 3183 2187 3246 in

635 3281 916 3367 palatio.

647 3419 1008 3484 Sententia
1050 3419 1190 3481 lata
1232 3439 1273 3480 a
1317 3417 1652 3488 Torse110‚
1708 3417 1938 3480 iudice
1996 3428 2188 3499 pote-

563 3514 781 3588 statiS,
830 3533 1040 3595 super
1097 3512 1368 3575 damnis
1437 3532 1617 3592 quae
1682 3511 2007 3574 dicebant
2070 3513 2189 3574 ha·

560 3609 799 3671 buisse
830 3616 899 3669 et
929 3607 1339 3687 repetebant
1368 3627 1410 3668 a
1433 3605 1780 3667 communi
1807 3603 2189 3667 Cremonae

575 3702 966 3765 XVilielmus
999 3702 1263 3765 Cervus
1288 3711 1356 3762 et
1394 3699 1565 3762 socii
1585 3698 1948 3762 occasione
1979 3698 2187 3761 trium

565 3797 847 3859 navium
895 3816 1052 3859 cum
1096 3796 1324 3866 blava,
1371 3794 1845 3876 leguminibus
1904 3804 1973 3855 et
2036 3793 2188 3856 aliis

563 3890 931 3964 victualiiS,
979 3909 1152 3972 quas
1199 3891 1551 3952 duxerunt
1587 3889 2017 3951 Cremonam.

2276 2349 2439 2403 sione
2474 2349 2611 2416 quia
2645 2365 2953 2401 commune
2992 2349 3278 2401 Cremone
3307 2364 3427 2400 non
3462 2347 3599 2400 fecit
3631 2347 3719 2400 eis
3766 2347 3896 2400 dare

2280 2426 2574 2479 fidantiam
2611 2443 2644 2478 a
2683 2425 3057 2490 papiensibus
3112 2433 3175 2477 ut
3219 2425 3509 2486 dicebant,
3548 2433 3607 2478 et
3639 2442 3713 2477 ea
3748 2441 3903 2477 occa-

2280 2503 2442 2556 sione
2478 2503 2615 2570 quia
2649 2519 2961 2556 commune
3009 2503 3298 2555 Cremone
3334 2517 3449 2554 non
3486 2501 3735 2554 attendit
3769 2501 3903 2554 iliud

2281 2579 2441 2647 quod
2476 2580 2560 2632 eis
2595 2588 2716 2632 erat
2751 2579 3099 2645 promissum
3124 2595 3226 2646 per
3250 2595 3561 2632 commune
3597 2580 3901 2640 Cremone,

2282 2665 2339 2710 et
2374 2673 2476 2724 per
2510 2655 2638 2709 illos
2673 2657 2773 2723 qui
2818 2655 3230 2722 promittebant
3282 2671 3388 2722 pro
3440 2656 3739 2708 communi
3784 2657 3911 2707 Cre-

2284 2750 2476 2786 mone.
2516 2733 2581 2785 In
2620 2733 2818 2799 primis
2870 2733 3141 2785 dicebant
3175 2747 3239 2784 se
3276 2732 3547 2784 habuisse
3592 2731 3907 2797 dampnum

2284 2827 2389 2877 pro
2423 2810 2605 2863 tribus
2658 2811 2901 2862 navibus
2946 2827 3061 2876 que
3096 2809 3329 2862 fuerunt
3364 2809 3599 2861 detente
3636 2817 3697 2862 et
3734 2809 3910 2861 intro-

2286 2887 2457 2940 misse
2492 2903 2596 2952 per
2630 2903 2939 2940 commune
2978 2887 3152 2952 Papie
3188 2894 3247 2939 et
3280 2894 3564 2939 steterunt
3599 2885 3679 2938 ibi
3704 2903 3808 2951 per
3840 2886 3913 2937 vi-

2284 2964 2426 3032 ginti
2462 2973 2577 3016 tres
2613 2964 2757 3025 dies,
2794 2973 2854 3016 et
2906 2963 3177 3016 dicebant
3228 2979 3291 3016 se
3340 2962 3723 3016 denunciasse
3760 2973 3912 3028 pote-

2285 3042 2415 3095 stati
2434 3042 2719 3094 Cremone
2745 3050 2804 3093 et
2821 3041 3277 3106 superstantibus
3300 3049 3433 3093 ante
3468 3040 3911 3106 suprascriptam

2286 3119 2777 3172 intromissionem
2830 3127 2887 3170 et
2926 3126 3059 3182 post
3093 3118 3253 3184 quod
3290 3117 3694 3184 adquireretur
3731 3117 3815 3169 eis
3852 3117 3915 3168 fi-

2261 3195 2541 3248 -dantiam
2579 3213 2613 3249 a
2650 3195 2843 3260 Papia,
2882 3203 2943 3248 et
2976 3195 3135 3261 quod
3161 3203 3415 3260 potestas
3450 3196 3743 3247 Cremone
3770 3194 3917 3246 misit

2288 3273 2689 3325 ambaxatores
2744 3273 2936 3338 Papie,
2975 3280 3033 3324 et
3068 3271 3227 3338 quod
3282 3271 3388 3337 ipsi
3442 3287 3558 3324 non
3605 3279 3917 3337 potuerunt

2288 3350 2500 3402 habere
2562 3349 2856 3401 fidantiam
2912 3364 3019 3401 nec
3074 3348 3261 3400 facere
3314 3347 3645 3401 distromitti
3707 3347 3915 3400 dictam

2288 3426 2534 3488 blavam,
2573 3433 2631 3478 et
2666 3425 2825 3492 quod
2882 3425 3167 3477 dederunt
3205 3433 3263 3477 et
3298 3425 3592 3477 solverunt
3630 3441 3739 3490 pro
3774 3425 3917 3476 dua—

2286 3504 2395 3554 bus
2429 3503 2672 3554 navibus
2721 3502 2797 3554 de
2850 3501 3248 3568 suprascriptis
3302 3500 3567 3553 videlicet
3624 3517 3735 3566 pro
3774 3517 3916 3552 nave

2288 3579 2489 3633 Clerici
2526 3579 2601 3632 de
2638 3579 2691 3630 la
2740 3581 2905 3631 Petra
2958 3587 3015 3631 et
3072 3577 3345 3630 Iohannis
3398 3577 3537 3630 boni
3587 3577 3913 3630 Dardanisii

2288 3673 2391 3722 pro
2428 3656 2593 3710 stalia
2626 3656 2913 3709 dederunt
2960 3665 3018 3708 et
3070 3655 3365 3708 solverunt
3412 3655 3615 3706 decem
3654 3655 3829 3707 libras
3866 3663 3917 3706 et

2288 3733 2461 3786 VIIII
2500 3733 2696 3785 soldos
2730 3741 2787 3785 et
2820 3731 3125 3784 dimidium
3154 3731 3326 3797 Papie
3364 3740 3419 3783 ct
3457 3730 3603 3796 pluS.
3650 3732 3799 3783 Item
3838 3747 3919 3782 se-

2287 3810 2474 3862 decim
2511 3809 2707 3862 soldos
2743 3817 2799 3862 et
2833 3808 3139 3862 dimidium
3195 3809 3398 3873 imper.
3451 3823 3600 3874 quos
3636 3807 3923 3860 dederunt

2287 3895 2344 3939 et
2378 3886 2672 3939 solverunt
2706 3901 2811 3952 pro
2864 3884 3323 3938 conducentibus
3378 3883 3665 3950 predictas
3720 3899 3916 3941 naves,

2286 3972 2345 4016 et
2379 3963 2551 4016 aliam
2586 3963 2813 4016 tertiam
2850 3979 3059 4016 navem
3094 3962 3497 4016 conduxerunt
3530 3977 3635 4026 pro
3671 3979 3797 4027 qua
3831 3960 3925 4012 de-

2288 4042 2427 4094 bent
2461 4041 2599 4093 dare
2636 4050 2693 4093 et
2728 4040 2951 4093 solvere
3008 4056 3219 4092 novem
3254 4039 3429 4092 libras
3465 4037 3889 4090 infortiatorum
3909 4077 3920 4097 ,

632 4114 674 4177 †
711 4112 885 4164 Anno
939 4111 1228 4164 dominice
1281 4111 1687 4164 incarnationis
1741 4110 2046 4163 millesimo
2088 4109 2190 4162 du-
2234 3721 2242 4147 i
2288 4117 2608 4170 secundum
2645 4117 2806 4183 quod
2842 4117 3087 4169 dabatur
3112 4133 3217 4182 pro
3243 4115 3503 4182 qualibet
3537 4114 3647 4167 alia
3684 4115 3844 4174 navi,
3872 4123 3925 4165 et

561 4188 879 4242 centesimo
897 4188 1207 4254 vigessimo
1235 4197 1462 4255 quart0,
1491 4188 1801 4242 indictione
1822 4187 2187 4250 duodecima,
2288 4211 2392 4260 pro
2430 4194 2592 4247 stalia
2646 4193 2901 4260 predicte
2961 4194 3123 4246 navis
3176 4193 3466 4245 dederunt
3517 4200 3576 4246 et
3628 4192 3926 4244 solverunt

563 4265 656 4319 die
693 4265 1128 4334 quintodecimo
1165 4266 1411 4318 intrante
1437 4266 1651 4326 madio,
1680 4266 1736 4317 in
1774 4265 2002 4331 pallatio
2038 4281 2193 4317 com·
2289 4271 2547 4337 quinque
2583 4271 2755 4323 libras
2792 4279 2849 4323 et
2884 4271 3033 4323 duos
3070 4268 3268 4322 soldos
3306 4269 3629 4335 papienses
3664 4270 3818 4321 Item
3844 4268 3923 4319 di-

564 4343 754 4396 munis
790 4344 1096 4405 Cremone,
1137 4343 1499 4408 presentibus
1525 4343 1766 4396 testibus
1801 4343 2189 4410 infrascriptis.
2289 4356 2427 4400 cunt
2461 4348 2622 4414 quod
2663 4347 3135 4413 Belengnegnerii
3160 4347 3234 4399 de
3271 4347 3627 4412 Balsegnana
3664 4345 3769 4411 qui
3808 4361 3927 4397 mo-

631 4424 758 4488 Ego
792 4420 1064 4474 dominus
1099 4420 1413 4479 Torsellus,
1454 4419 1626 4472 iudex
1661 4429 1720 4473 et
1753 4421 2068 4475 advocatus
2092 4421 2193 4474 do·
2239 4454 2245 4531 Ι
2290 4433 2483 4478 rantur
2522 4425 2576 4476 in
2614 4425 2949 4490 episcopatu
2978 4424 3150 4490 Papie
3174 4432 3233 4476 et
3267 4423 3524 4476 districtu
3562 4423 3924 4474 abstulerunt

564 4500 704 4552 mini
759 4497 1067 4552 Rolandini
1126 4497 1426 4562 potestatis
1485 4496 1809 4550 communis
1865 4500 2189 4561 Cremone,
2290 4500 2398 4553 sibi
2434 4500 2713 4553 violenter
2756 4510 2979 4565 septem
3033 4500 3205 4553 libras
3259 4499 3582 4565 papienseS,
3640 4515 3751 4550 nec
3788 4498 3926 4550 alias

564 4591 922 4642 cognoscens
957 4591 1032 4628 ex
1085 4574 1276 4629 officio
1331 4591 1462 4627 meo
1515 4590 1688 4639 super
1739 4575 1996 4642 dampno
2033 4577 2191 4642 quod
2290 4577 2633 4631 dimiserunt
2667 4594 2769 4630 eos
2804 4577 2886 4629 ire
2923 4594 3026 4642 per
3058 4594 3271 4644 aquam
3310 4577 3466 4638 Padi,
3494 4583 3553 4628 et
3588 4576 3700 4628 hoc
3738 4575 3847 4628 fuit
3870 4576 3924 4626 in

567 4653 838 4706 dicebant
888 4652 1254 4706 Wuiiieimus
1305 4652 1525 4704 Cervus
1579 4659 1635 4704 et
1675 4652 1930 4705 Ubertus
1965 4654 2040 4706 de
2080 4655 2195 4706 Bo-
2291 4656 2625 4721 episcopatu
2665 4654 2856 4720 Papie.
2896 4655 3039 4707 Item
3077 4655 3276 4708 dicunt
3310 4653 3471 4720 quod
3507 4669 3683 4706 naves
3728 4668 3927 4718 supra-

561 4729 796 4782 sasscho
822 4738 878 4783 et
916 4729 1155 4796 Egidius
1182 4728 1554 4782 Bellamarius
1577 4735 1636 4780 et
1659 4728 2013 4782 Albertonus
2039 4733 2197 4783 Ocu-

564 4807 654 4858 lus
689 4806 764 4858 de
819 4807 1041 4861 Beccho
1092 4814 1153 4859 et
1205 4808 1465 4859 Zoannes
1514 4806 1589 4859 de
1645 4806 1907 4858 Boaterio
1959 4815 2019 4860 et
2056 4808 2195 4860 Otto
2293 4817 2605 4876 potuerunt
2629 4807 2840 4861 ducere
2878 4825 3063 4875 usque
3098 4808 3173 4860 ad
3198 4807 3401 4861 Casale
3438 4806 3813 4870 Salvaticum,
3854 4806 3924 4858 ad

566 4885 767 4948 Zoppo
801 4882 878 4934 de
913 4885 1164 4938 Valenza
1217 4901 1280 4937 se
1333 4881 1605 4936 habuisse
1652 4883 1956 4936 occasione
2011 4883 2194 4936 blavis
2241 4840 2246 4931 i
2294 4902 2468 4953 quem
2487 4886 2680 4938 locum
2700 4885 2910 4938 ducere
2929 4885 3222 4938 debebant
3239 4900 3413 4938 causa
3432 4883 3927 4951 honerandi,pro-

565 4977 743 5028 quam
778 4959 1068 5014 duxerunt
1101 4970 1160 5015 et
1194 4962 1408 5014 ducere
1442 4960 1738 5014 debebant
1757 4960 1832 5013 de
1857 4959 2046 5013 alieno
2070 4962 2197 5026 epi-
2241 4972 2245 5047 Ι
2292 4971 2419 5028 pter
2454 4969 2854 5027 paupertatem
2890 4979 3043 5028 aque
3078 4961 3234 5024 Padi,
3263 4970 3321 5014 et
3356 4961 3489 5015 ideo
3522 4960 3929 5014 conduxerunt

565 5045 805 5105 scopatu
841 5035 917 5090 ad
941 5035 1225 5091 civitatem
1259 5039 1567 5100 Cremone,
1595 5045 1652 5090 et
1681 5038 1840 5104 quod
1876 5039 2195 5104 dampnum
2241 5068 2247 5157 Ι
2294 5056 2470 5092 naves
2506 5056 2710 5104 parvas
2746 5049 2804 5091 et
2839 5039 3129 5092 duxerunt
3164 5040 3393 5091 blavam
3427 5039 3483 5090 in
3522 5037 3795 5104 predictis
3834 5055 3929 5090 na-

565 5115 842 5181 petebant
876 5131 910 5166 a
945 5115 1257 5176 communi,
1283 5113 1531 5167 dicendo
1555 5114 1796 5180 predicti
1833 5115 2197 5168 Wuiiieimus
2242 5162 2246 5199 ³
2294 5117 2477 5184 vibuS,
2515 5132 2694 5182 quare
2745 5115 3033 5169 dederunt
3068 5124 3127 5169 et
3162 5115 3455 5168 solverunt
3490 5123 3622 5167 octo
3656 5113 3836 5166 libras
3872 5123 3929 5166 et

567 5201 626 5245 et
675 5191 816 5245 socii
873 5205 936 5242 se
991 5191 1261 5244 habuisse
1315 5192 1760 5257 promissionem
1813 5209 1848 5244 a
1899 5192 2195 5245 communi
2242 5206 2247 5255 ι
2294 5195 2408 5246 XII
2446 5192 2643 5246 soldos
2684 5194 3008 5260 papienseS.
3071 5195 3218 5245 Item
3272 5192 3471 5244 dicunt
3522 5191 3680 5257 quod
3718 5207 3929 5256 supra—

567 5271 855 5322 Cremone
889 5267 966 5321 de
1002 5267 1356 5321 restituendo
1381 5269 1464 5322 eis
1488 5285 1664 5322 omne
1689 5269 2007 5335 dampnum
2036 5269 2196 5335 quod
2242 5268 2247 5339 Ι
2294 5270 2486 5336 scripti
2512 5270 2866 5324 Albertonus
2891 5279 2950 5324 et
2978 5269 3263 5322 lohannes
3286 5269 3599 5330 BoateriuS,
3620 5267 3928 5320 existendo

567 5346 850 5399 haberent
885 5344 960 5398 de
997 5345 1149 5399 dicta
1203 5346 1366 5400 blava
1420 5347 1466 5400 si
1520 5364 1637 5400 non
1679 5347 2081 5414 adquireretur
2114 5347 2197 5399 eis
2243 5382 2247 5439 Ι
2297 5347 2471 5413 Papie
2506 5356 2565 5399 et
2610 5346 2992 5400 custodiendo
3044 5363 3220 5399 naves
3273 5345 3575 5398 occasione
3627 5344 3928 5397 intromis-

567 5423 866 5476 fidantiam
901 5441 936 5476 a
959 5425 1254 5477 communi
1290 5425 1462 5490 Papie
1499 5434 1557 5477 et
1596 5423 1908 5486 Placentie;
1948 5431 2007 5476 et
2043 5423 2197 5477 unde
2243 5444 2247 5477 ι
2294 5423 2489 5486 sionis,
2542 5424 3003 5490 expendiderunt
3037 5423 3269 5488 triginta
3320 5423 3579 5489 quinque
3615 5420 3817 5474 soldos
3870 5430 3928 5472 et

568 5500 807 5566 predicti
843 5499 1114 5554 dicebant
1149 5517 1210 5554 se
1235 5501 1504 5554 habuisse
1539 5501 1858 5567 dampnum
1895 5499 2198 5553 occasione
2242 5482 2247 5544 l
2294 5500 2598 5553 dimidium
2646 5500 2973 5567 papienses,
3032 5499 3177 5553 Item
3232 5499 3691 5566 expendiderunt
3748 5497 3921 5551 XXII

2292 4731 2485 4797 scripti
2522 4731 2726 4784 Clerici
2780 4739 2837 4784 et
2885 4731 3158 4784 Iohannis
3194 4731 3331 4783 boni
3370 4730 3445 4782 de
3484 4730 3773 4782 Dardanis
3812 4745 3924 4782 non
