4050 6109
1069 323 1566 374 PROVVISIONI
1611 324 1867 374 DELLA
1913 325 2268 375 GABELLA
2316 327 2596 377 MAG-NA

149 571 264 645 163.
305 603 394 613 —
449 586 633 647 1305,
675 564 765 630 id.
812 565 900 630 id.
957 567 1024 640 C,
1079 570 1214 630 160.

225 701 550 765 Provisio
629 702 955 784 gabellae
1035 703 1225 784 quod
1304 701 1618 783 provisio
1698 704 1783 764 de

148 816 381 858 mense
403 797 652 858 marcii
669 795 1049 876 praeteriti,
1076 811 1254 878 quae
1273 797 1557 859 vetabat
1584 804 1786 859 extra

146 889 539 952 districtum
571 889 778 953 educi
810 889 1031 969 pelles
1061 908 1202 952 non
1233 890 1605 962 laborataS,
1643 908 1784 952 non

147 983 398 1044 habeat
429 984 670 1045 locum
699 982 771 1045 in
795 983 1018 1063 pelles
1041 981 1438 1045 foresterias
1465 1003 1645 1064 quae
1666 984 1784 1045 ha-

147 1078 304 1139 bent
325 1076 707 1139 transitum
730 1095 860 1158 per
890 1075 1244 1138 civitatem
1271 1086 1340 1138 et
1371 1076 1783 1139 districtum.

148 1267 262 1341 164.
305 1299 394 1309 —-·
451 1281 638 1342 1305,
685 1260 833 1324 iun.
883 1279 940 1340 5,
1001 1260 1138 1333 III,
1187 1259 1230 1324 l.
1275 1265 1486 1345 super
1519 1257 1784 1344 palatio

213 1355 366 1439 gab.
423 1355 826 1419 Cremonae.
881 1353 953 1427 C,
1007 1359 1144 1416 161.

222 1491 555 1554 Provisio
601 1491 923 1574 gabellae
969 1490 1180 1572 quod,
1235 1491 1620 1552 secundum
1681 1508 1783 1552 re-

147 1582 599 1648 formationes
646 1584 1098 1647 consiliorum
1137 1592 1209 1646 et
1235 1583 1582 1646 boletinos
1621 1583 1785 1646 inde

147 1675 382 1752 factOS,
417 1677 542 1742 fiat
565 1678 825 1740 solutio
859 1677 1162 1760 Delayto
1187 1674 1501 1758 Cagnolo
1535 1678 1621 1739 de
1652 1677 1786 1740 Ve-

147 1771 378 1844 neciiS‚
444 1771 757 1833 Martino
816 1770 1088 1834 Carello
1146 1781 1218 1833 et
1273 1767 1434 1831 filiis
1501 1769 1784 1832 Martini

145 1863 368 1926 Sacha
433 1865 526 1926 de
607 1864 882 1926 duabus
950 1863 1252 1926 navibus
1316 1882 1446 1943 pro
1513 1873 1785 1944 septem

145 1957 508 2020 mensibus
555 1957 812 2039 quibus
859 1965 1205 2019 steterunt
1234 1955 1684 2018 incastelatae
1717 1967 1786 2019 et

145 2051 515 2132 guernitae
558 2071 690 2133 pro
736 2050 1087 2113 communi
1132 2048 1222 2113 ad
1257 2057 1542 2130 pontem
1590 2049 1783 2124 Padi,

145 2145 516 2208 occasione
563 2145 928 2207 cuiusdam
959 2143 1313 2206 exercitus
1343 2141 1664 2216 faciendi,
1695 2145 1785 2207 ad

145 2239 492 2300 rationem
540 2243 578 2300 6
625 2239 800 2300 sold.
832 2237 996 2318 imp.
1042 2256 1171 2318 pro
1219 2236 1529 2318 qualibet
1573 2237 1688 2299 die
1717 2247 1786 2300 et

147 2331 326 2394 navi.
359 2331 549 2394 Item
596 2334 789 2413 quod
820 2329 940 2393 fiat
971 2330 1227 2393 solutio
1267 2349 1386 2392 100
1429 2330 1785 2392 soldorum

145 2425 306 2506 imp.
337 2424 446 2487 illi
495 2426 617 2506 qui
656 2424 1017 2488 accusavit
1048 2433 1118 2486 et
1158 2424 1511 2504 apostavit
1548 2443 1784 2506 quem-

148 2519 304 2580 dam
350 2518 705 2582 latronem
736 2527 1131 2590 stratarum,
1165 2517 1284 2598 qui
1329 2515 1591 2580 furchis
1637 2537 1784 2580 sus-

147 2630 416 2692 pensus
458 2611 612 2675 fuit.
658 2649 744 2660 --
786 2612 964 2674 Item
1019 2611 1210 2692 quod
1261 2612 1349 2674 de
1393 2631 1605 2674 avere
1664 2631 1786 2695 ga-

143 2706 368 2768 bellae
405 2705 530 2768 fiat
561 2705 820 2768 solutio
851 2706 940 2767 de
965 2725 986 2766 1
1004 2725 1034 2784 7
1063 2704 1260 2768 libris
1287 2705 1476 2785 imp„
1504 2705 1788 2768 residuo

147 2799 380 2862 salarii
414 2800 546 2870 sui,
582 2799 925 2880 magistro
971 2797 1218 2860 Belino
1247 2798 1626 2880 astrologO,
1668 2797 1789 2880 qui

147 2891 310 2954 alias
333 2911 474 2974 per
495 2891 1033 2955 reformationes
1057 2890 1506 2954 consiliorum
1525 2892 1788 2955 electus

145 2983 268 3048 fuit
311 2987 730 3069 astrologus
775 2983 1185 3048 communis.

145 3191 260 3268 165.
307 3225 404 3234 ——
457 3207 641 3266 1305,
705 3187 852 3250 iun.
905 3208 959 3267 7,
1008 3186 1140 3262 III,
1188 3185 1230 3249 l.
1275 3192 1485 3272 super
1523 3186 1787 3270 palatio

215 3279 533 3365 gabellae
579 3281 969 3346 Cremonae.
1021 3280 1087 3354 C,
1143 3284 1279 3344 162.

219 3417 557 3480 Provisio
605 3417 928 3500 gabellae
973 3436 1186 3499 super
1228 3415 1642 3480 formatione
1695 3415 1790 3501 of-

143 3509 280 3582 ficii
314 3509 513 3585 salis,
561 3509 676 3574 cui
707 3512 1135 3592 deputantur
1169 3510 1388 3572 iudex
1419 3510 1786 3591 capitanei,

147 3605 528 3686 deputatus
597 3605 688 3667 ad
741 3602 1048 3668 officium
1101 3605 1663 3678 bandezatorum,
1717 3615 1788 3668 et

147 3707 447 3780 quatuor
505 3697 885 3778 sapienteS,
942 3699 1082 3760 duo
1144 3697 1448 3772 correrii,
1497 3708 1569 3760 et
1622 3717 1787 3779 qua-

145 3804 297 3854 tuor
342 3789 734 3854 soldaderii
780 3791 1122 3874 gabellae.

145 3985 260 4044 166.
309 4015 384 4026 —-
452 3997 636 4058 1305,
683 3977 830 4042 iun.
885 3999 979 4054 11,
1035 3978 1168 4053 III,
1227 3977 1272 4040 l.
1325 3983 1535 4060 super
1595 3976 1786 4040 domo

213 4072 372 4157 gab.
425 4071 821 4136 Cremonae.
874 4070 944 4146 C,
1000 4075 1136 4150 163.

223 4210 559 4274 Provisio
605 4208 925 4290 gabellae
984 4208 1176 4290 quod
1233 4206 1786 4271 Lanfranchinus

149 4305 226 4366 de
269 4302 732 4385 Raymondis
763 4315 835 4364 et
869 4301 1179 4364 Bertolia
1221 4301 1308 4363 de
1342 4295 1785 4375 PinzonibuS,

147 4408 500 4478 emptores
546 4395 870 4477 gabellae
914 4393 1296 4456 traversiae
1327 4405 1398 4456 et
1427 4405 1668 4457 tansae
1699 4395 1786 4456 de

147 4489 552 4554 Malfiastris
597 4509 640 4550 a
684 4496 903 4550 strata
945 4486 1314 4550 Robecchi
1375 4507 1607 4568 supra,
1666 4490 1786 4551 ha-

145 4585 350 4646 beant
375 4582 700 4646 redditus
721 4581 1031 4663 ipsarum
1050 4581 1279 4643 adhuc
1303 4589 1451 4644 toto
1472 4591 1788 4662 tempore

145 4677 420 4741 futurae
445 4675 838 4740 stadolinae
875 4673 1026 4736 sive
1058 4673 1388 4748 automni,
1415 4695 1456 4738 a
1488 4673 1784 4738 Soneino

147 4792 376 4854 supra,
425 4789 647 4854 quum
683 4787 802 4831 eas
837 4769 1202 4850 percipere
1245 4788 1385 4830 11011
1429 4769 1786 4850 potuerint

147 4865 520 4928 occasione
565 4882 863 4944 guerrae
921 4862 1007 4924 de
1050 4861 1498 4944 Martinengo
1542 4871 1614 4926 et
1656 4861 1784 4924 Pa-

141 4960 332 5022 losco
400 4977 534 5040 per
577 4967 799 5020 totam
845 4955 1262 5018 stadolinam
1315 4955 1780 5036 praeteritam.

143 5147 261 5222 167.
310 5180 398 5190 —-
450 5161 632 5222 1305,
681 5139 827 5204 iun.
876 5145 974 5216 26,
1022 5142 1159 5216 III,
1205 5139 1249 5204 l.
1292 5147 1501 5226 super
1519 5135 1782 5225 palatio

213 5235 372 5320 gab.
426 5235 819 5300 Cremonae.
876 5235 942 5307 C,
1002 5239 1138 5314 164.

219 5371 552 5436 Provisio
597 5371 922 5455 gabellae
967 5372 1160 5452 quod
1217 5371 1660 5434 incantentur
1713 5379 1784 5432 et

147 5466 400 5530 dentur
439 5466 606 5548 plus
659 5463 980 5528 offerenti
1034 5464 1310 5528 dacium
1381 5465 1529 5528 vini
1604 5463 1780 5526 fore-

305 5613 362 5644 20
414 5601 538 5646 Βίὸὶ.
565 5601 694 5643 Stor.
724 5601 790 5644 VI
819 5601 902 5652 (H.
931 5601 982 5642 Ρ.
1012 5601 1080 5643 Μ.
1110 5601 1170 5642 11.
1203 5599 1300 5652 11.).

3390 340 3509 400 153

1883 565 2076 628 sterii
2100 567 2369 630 venditi
2400 568 2472 630 in
2504 568 2787 634 civitate
2818 581 2889 634 et
2912 574 3266 636 suburbiis
3291 595 3519 658 usque

1882 660 1973 721 ad
2018 680 2147 722 sex
2192 681 2486 736 menseS,
2533 674 2603 726 et
2646 665 2923 728 dacium
2968 667 3055 729 de
3100 668 3271 731 rotis
3307 666 3520 732 ferra·

1882 753 1973 815 tis
2019 753 2246 816 ductis
2283 775 2408 836 per
2435 755 2793 821 civitatem
2824 769 2893 822 et
2924 761 3260 825 suburbia
3290 782 3516 845 usque

1882 846 1971 908 ad
2017 847 2326 929 quinque
2378 869 2617 924 annos,
2664 861 2734 912 et
2791 863 3031 916 mutuo
3085 854 3517 936 accipiantur

1885 943 2009 1002 600
2052 940 2273 1003 librae
2318 942 2483 1022 imp.
2521 943 2611 1005 ab
2642 944 2760 1006 illo
2792 954 3174 1009 mercatore
3204 947 3329 1030 qui
3358 969 3516 1030 pro-

1884 1033 2121 1115 posuit
2178 1035 2346 1098 dare
2412 1036 2626 1098 salem
2694 1039 3067 1112 communi,
3135 1061 3361 1123 usque
3426 1044 3516 1105 ad

1885 1146 2099 1188 unum
2158 1147 2414 1190 annum
2436 1175 2451 1197 .
2517 1133 2885 1194 occasione
2950 1132 3253 1196 faciendi
3320 1155 3518 1198 exer·

1886 1219 2066 1281 citus
2110 1220 2181 1282 in
2228 1221 2525 1285 servicio
2571 1224 2921 1308 Pergami.

1883 1462 2006 1522 168.
2037 1495 2113 1506 ——
2149 1479 2325 1539 1305,
2359 1459 2478 1524 iul.
2511 1483 2602 1532 10,
2630 1462 2764 1534 III]
2784 1462 2827 1525 l.
2857 1469 3069 1548 snper
3080 1465 3344 1548 palatio
3359 1467 3512 1550 gab.

1975 1551 2361 1616 Cremonae.
2414 1553 2486 1627 C,
2540 1560 2676 1635 165.

1967 1707 2290 1770 Provisio
2363 1711 2683 1791 gabellae
2751 1713 2940 1793 quod
3006 1713 3301 1796 quilibet
3372 1724 3515 1778 tam

1885 1799 2061 1862 civis
2108 1820 2318 1882 quam
2353 1800 2650 1865 forensis
2679 1804 2905 1887 possit
2956 1807 3347 1870 conducere
3401 1807 3517 1870 vel

1886 1893 2190 1956 vendere
2233 1914 2361 1975 per
2404 1895 2759 1959 civitatem
2806 1906 2874 1960 et
2920 1899 3311 1963 districtum
3350 1901 3515 1964 vina

1886 2005 2202 2059 vernaza,
2243 1989 2507 2062 ribella,
2554 1991 2926 2065 malvaxia,
2989 1993 3368 2067 decretum,
3415 1993 3517 2075 pi-

1884 2080 2067 2142 nella
2131 2091 2201 2143 et
2266 2082 2767 2156 moscatellum‚
2836 2085 3178 2148 solvendo
3240 2107 3275 2166 5
3339 2087 3515 2150 sold.

1885 2173 2127 2254 imper.
2171 2194 2301 2257 pro
2348 2176 2660 2257 quolibet
2719 2178 3049 2240 sextario,
3104 2177 3280 2242 Item
3326 2182 3517 2262 quod

1885 2265 2035 2329 fieri
2082 2269 2334 2332 debeat
2378 2289 2517 2332 una
2556 2270 2769 2334 turris
2814 2291 2973 2334 cum
3011 2292 3149 2334 uno
3194 2273 3413 2336 rizeto
3445 2284 3516 2337 et

1885 2381 2024 2422 una
2053 2360 2394 2425 fortelicia
2423 2362 2494 2426 in
2520 2362 2749 2445 capite
2779 2364 3014 2445 pontis
3039 2365 3301 2429 Doxoli
3334 2367 3517 2430 ultra

1883 2455 2151 2518 Padum
2198 2455 2283 2516 de
2328 2455 2679 2537 lapidibus
2738 2458 2997 2539 tegulis
3064 2469 3134 2522 et
3176 2461 3515 2542 legnami-

1885 2547 2093 2611 nibus
2166 2548 2452 2612 Sachini
2523 2551 2608 2613 de
2674 2550 3009 2614 Clusarco
3082 2552 3517 2636 aliorumque

1885 2633 2429 2705 bandezdtorum
2462 2641 2864 2707 Guastallae
2901 2656 2970 2707 et
2998 2645 3331 2709 Luzariae
3364 2667 3521 2729 pro·

1884 2745 2043 2814 pter
2092 2735 2511 2798 occisionem
2570 2737 2899 2800 Iohannis
2954 2748 3025 2801 et
3076 2739 3371 2803 aliorum
3429 2742 3516 2803 de

1883 2827 2234 2892 BanianiS.

1881 3053 2005 3126 169.
2056 3085 2137 3098 —-
2190 3070 2367 3131 1305,
2416 3051 2547 3126 III,
2599 3051 2987 3116 Cremonae.
3044 3053 3111 3128 C,
3168 3057 3303 3117 166.

1967 3204 2291 3268 Provisio
2337 3206 2673 3288 gabellae,
2720 3227 2809 3270 ne
2852 3206 3132 3270 fraudes
3186 3209 3515 3272 commit-

1881 3307 2136 3370 tantur,
2156 3299 2347 3380 quod
2369 3318 2613 3362 omnes
2636 3303 2847 3362 robae
2871 3310 2939 3363 et
2964 3301 3516 3376 mercadandiae,

1882 3401 2025 3454 tam
2070 3392 2143 3454 in
2185 3393 2417 3455 eundo
2454 3414 2663 3474 quam
2695 3393 2767 3456 in
2798 3395 3125 3456 exeundo
3162 3393 3517 3457 civitatem

1883 3504 2022 3546 non
2046 3485 2321 3566 possint
2350 3485 2809 3549 divideri·nec
2853 3487 3201 3549 removeri
3230 3507 3273 3550 a
3297 3497 3517 3569 ponte

1883 3587 1952 3640 et
1995 3598 2038 3640 a
2080 3579 2321 3658 portiS,
2352 3579 2488 3640 nisi
2517 3580 2713 3660 prius
2752 3580 2946 3642 visae
2976 3581 3415 3643 examinatae
3446 3592 3518 3644 et

1883 3671 2262 3734 extimatae
2306 3669 2563 3735 fuerint
2620 3691 2748 3754 per
2803 3672 3055 3736 fratres
3098 3684 3169 3736 et
3212 3673 3519 3757 gabella-

1884 3775 2093 3828 toreS.
3174 3789 3185 3803 ·

1882 4005 2010 4064 170.
2050 4022 2134 4032 —
2174 4005 2352 4066 1305,
2400 4007 2579 4072 aug„
2623 3987 2764 4063 III,
2820 3988 3205 4052 Cremonae.
3254 3987 3321 4060 C,
3378 3993 3514 4068 167.

1967 4145 2290 4209 Provisio
2357 4145 2677 4228 gabellae
2736 4145 2927 4228 quod
2992 4153 3415 4227 contractus„
3446 4154 3517 4207 et

1881 4249 2088 4320 pacta
2115 4239 2302 4302 facta
2330 4259 2489 4302 cum
2518 4237 2753 4301 Mafeo
2784 4240 2871 4301 de
2896 4237 3182 4303 Summo
3212 4247 3280 4302 et
3302 4239 3514 4302 Fran-

1883 4333 2071 4396 cisco
2103 4333 2191 4396 de
2220 4331 2580 4395 Casamala
2602 4341 2672 4396 et
2702 4331 2911 4396 sociis
2941 4333 3030 4394 de
3059 4333 3516 4397 conducendo

1884 4427 2100 4488 salem
2146 4445 2274 4507 per
2317 4435 2458 4488 tres
2497 4445 2717 4488 annos
2749 4434 2819 4488 et
2849 4427 2936 4487 de
2969 4430 3091 4488 800
3120 4426 3317 4490 libris
3348 4427 3515 4506 imp.

1884 4527 2126 4583 mutuo
2159 4520 2337 4581 datis
2368 4520 2738 4591 communi,
2763 4519 3131 4582 occasione
3162 4518 3515 4584 exereitus

1884 4612 1956 4675 in
1999 4612 2298 4675 servicio
2342 4613 2667 4696 Pergami
2728 4622 2797 4675 et
2846 4613 3058 4704 ⁴taliae
3103 4612 3401 4676 militum
3444 4622 3516 4674 et

1882 4707 2197 4787 peditum
2242 4725 2371 4787 pro
2402 4707 2547 4789 liga
2590 4705 3073 4780 Lombardiae,
3106 4707 3246 4768 sint
3280 4705 3515 4786 provi-

1883 4799 2115 4863 siones
2147 4799 2467 4880 gabellae
2500 4799 2835 4863 trunchae
2866 4811 2935 4864 et
2964 4798 3300 4882 precisae.

1877 5025 1994 5109 171‘.
2040 5065 2124 5076 —-
2180 5048 2357 5109 1305,
2397 5026 2486 5091 id.
2532 5029 2623 5092 id.
2676 5029 2746 5104 C,
2802 5034 2939 5094 168.

1963 5180 2287 5245 Provisio
2304 5182 2623 5266 gabellae
2646 5183 2836 5264 quod
2852 5182 3100 5245 electio
3123 5182 3515 5264 potestatiS,

1881 5295 2063 5357 quae
2116 5274 2268 5338 fieri
2327 5276 2535 5338 debet
2589 5276 2972 5338 secundum
3035 5275 3515 5358 provisionem

1887 5389 1962 5431 10
2004 5388 2167 5451 aug.
2215 5389 2393 5447 1300,
2426 5367 2787 5432 differatur
2830 5388 3054 5451 usque
3099 5371 3187 5432 ad
3219 5378 3507 5433 ventum

1879 5463 2270 5546 praesentis
2328 5463 2697 5544 potestatis
2741 5465 2831 5526 ab
2876 5463 3212 5527 exercitu.
