<?xml version="1.0" encoding="UTF-8"?>
<!DOCTYPE html PUBLIC "-//W3C//DTD XHTML 1.0 Transitional//EN"
    "http://www.w3.org/TR/xhtml1/DTD/xhtml1-transitional.dtd">
<html xmlns="http://www.w3.org/1999/xhtml" xml:lang="en" lang="en">
 <head>
  <title>
</title>
<meta http-equiv="Content-Type" content="text/html;charset=utf-8" />
  <meta name='ocr-system' content='tesseract 3.04.00' />
  <meta name='ocr-capabilities' content='ocr_page ocr_carea ocr_par ocr_line ocrx_word'/>
</head>
<body>
  <div class='ocr_page' id='page_1' title='image "./historiaepatria00unkngoog_0067.png"; bbox 0 0 4050 6109; ppageno 0'>
   <div class='ocr_carea' id='block_1_1' title="bbox 1027 303 3575 377">
    <p class='ocr_par' dir='ltr' id='par_1_1' title="bbox 1027 303 3575 377">
     <span class='ocr_line' id='line_1_1' title="bbox 1027 303 3575 377; baseline -0.003 -16"><span class='ocrx_word' id='word_1_1' title='bbox 1027 303 1347 377; x_wconf 82' lang='lat'><strong>224·²38·</strong></span> <span class='ocrx_word' id='word_1_2' title='bbox 1401 334 1475 345; x_wconf 88' lang='lat'>—</span> <span class='ocrx_word' id='word_1_3' title='bbox 1520 312 1596 360; x_wconf 87' lang='lat' dir='ltr'>A.</span> <span class='ocrx_word' id='word_1_4' title='bbox 1651 313 2058 376; x_wconf 82' lang='grc'><strong>1324-1327.</strong></span> <span class='ocrx_word' id='word_1_5' title='bbox 2107 329 2191 339; x_wconf 91' lang='grc'>--</span> <span class='ocrx_word' id='word_1_6' title='bbox 2236 304 2510 355; x_wconf 85' lang='lat' dir='ltr'>SECOLo</span> <span class='ocrx_word' id='word_1_7' title='bbox 2556 304 2723 355; x_wconf 80' lang='lat' dir='ltr'>XIV.</span> <span class='ocrx_word' id='word_1_8' title='bbox 3492 314 3575 373; x_wconf 92' lang='lat'>49</span> 
     </span>
    </p>
   </div>
   <div class='ocr_carea' id='block_1_2' title="bbox 221 432 389 439">
    <p class='ocr_par' dir='ltr' id='par_1_2' title="bbox 221 432 389 439">
     <span class='ocr_line' id='line_1_2' title="bbox 221 432 389 439; baseline 0.012 -2"><span class='ocrx_word' id='word_1_9' title='bbox 221 432 389 439; x_wconf 60' lang='lat'>*—</span> 
     </span>
    </p>
   </div>
   <div class='ocr_carea' id='block_1_3' title="bbox 394 432 823 441">
    <p class='ocr_par' dir='ltr' id='par_1_3' title="bbox 394 432 823 441">
     <span class='ocr_line' id='line_1_3' title="bbox 394 432 823 441; baseline 0 5668"><span class='ocrx_word' id='word_1_10' title='bbox 394 432 823 441; x_wconf 95' lang='lat' dir='ltr'> </span> 
     </span>
    </p>
   </div>
   <div class='ocr_carea' id='block_1_4' title="bbox 213 552 1842 635">
    <p class='ocr_par' dir='ltr' id='par_1_4' title="bbox 213 552 1842 635">
     <span class='ocr_line' id='line_1_4' title="bbox 213 552 1842 635; baseline 0.002 -22"><span class='ocrx_word' id='word_1_11' title='bbox 213 572 327 629; x_wconf 86' lang='lat'><strong>231.</strong></span> <span class='ocrx_word' id='word_1_12' title='bbox 375 588 464 598; x_wconf 87' lang='grc'><strong>-</strong></span> <span class='ocrx_word' id='word_1_13' title='bbox 519 572 682 632; x_wconf 86' lang='grc'><strong>1325</strong></span> <span class='ocrx_word' id='word_1_14' title='bbox 730 558 924 635; x_wconf 84' lang='grc'><strong>(1324</strong></span> <span class='ocrx_word' id='word_1_15' title='bbox 993 553 1164 633; x_wconf 64' lang='lat' dir='ltr'>ina),</span> <span class='ocrx_word' id='word_1_16' title='bbox 1233 574 1403 617; x_wconf 87' lang='lat' dir='ltr'>mar.</span> <span class='ocrx_word' id='word_1_17' title='bbox 1480 576 1572 633; x_wconf 89' lang='lat'>19,</span> <span class='ocrx_word' id='word_1_18' title='bbox 1654 552 1842 627; x_wconf 84' lang='lat' dir='ltr'><em>VIII,</em></span> 
     </span>
    </p>
   </div>
   <div class='ocr_carea' id='block_1_5' title="bbox 1945 548 3575 623">
    <p class='ocr_par' dir='ltr' id='par_1_5' title="bbox 1945 548 3575 623">
     <span class='ocr_line' id='line_1_5' title="bbox 1945 548 3575 623; baseline 0 -10"><span class='ocrx_word' id='word_1_19' title='bbox 1945 550 2173 623; x_wconf 79' lang='lat' dir='ltr'>saliaS,</span> <span class='ocrx_word' id='word_1_20' title='bbox 2220 548 2577 613; x_wconf 88' lang='lat' dir='ltr'>solvendis</span> <span class='ocrx_word' id='word_1_21' title='bbox 2624 548 2891 613; x_wconf 87' lang='lat' dir='ltr'>Clerico</span> <span class='ocrx_word' id='word_1_22' title='bbox 2933 550 3023 613; x_wconf 92' lang='lat' dir='ltr'>de</span> <span class='ocrx_word' id='word_1_23' title='bbox 3078 550 3433 614; x_wconf 89' lang='lat' dir='ltr'>Montanis</span> <span class='ocrx_word' id='word_1_24' title='bbox 3488 551 3575 613; x_wconf 92' lang='lat' dir='ltr'>de</span> 
     </span>
    </p>
   </div>
   <div class='ocr_carea' id='block_1_6' title="bbox 294 642 3571 731">
    <p class='ocr_par' dir='ltr' id='par_1_6' title="bbox 294 642 3571 731">
     <span class='ocr_line' id='line_1_6' title="bbox 294 642 3571 731; baseline 0.001 -26"><span class='ocrx_word' id='word_1_25' title='bbox 294 666 326 705; x_wconf 85' lang='lat'>‹</span> <span class='ocrx_word' id='word_1_26' title='bbox 373 644 454 707; x_wconf 85' lang='lat' dir='ltr'>in</span> <span class='ocrx_word' id='word_1_27' title='bbox 499 644 640 709; x_wconf 85' lang='lat' dir='ltr'>loco</span> <span class='ocrx_word' id='word_1_28' title='bbox 701 646 1192 731; x_wconf 68' lang='lat' dir='ltr'>Pomponis-chi</span> <span class='ocrx_word' id='word_1_29' title='bbox 1239 646 1363 710; x_wconf 84' lang='lat' dir='ltr'>sub</span> <span class='ocrx_word' id='word_1_30' title='bbox 1405 647 1680 731; x_wconf 83' lang='lat' dir='ltr'>porticu</span> <span class='ocrx_word' id='word_1_31' title='bbox 1733 646 1842 709; x_wconf 85' lang='lat' dir='ltr'>do-</span> <span class='ocrx_word' id='word_1_32' title='bbox 1943 645 2223 709; x_wconf 90' lang='lat' dir='ltr'>Canedo</span> <span class='ocrx_word' id='word_1_33' title='bbox 2288 642 2634 707; x_wconf 91' lang='lat' dir='ltr'>diocoesis</span> <span class='ocrx_word' id='word_1_34' title='bbox 2692 643 2978 709; x_wconf 82' lang='lat' dir='ltr'>Brixiae</span> <span class='ocrx_word' id='word_1_35' title='bbox 3020 664 3151 726; x_wconf 91' lang='lat' dir='ltr'>pro</span> <span class='ocrx_word' id='word_1_36' title='bbox 3196 645 3362 718; x_wconf 91' lang='lat' dir='ltr'>sale,</span> <span class='ocrx_word' id='word_1_37' title='bbox 3408 647 3571 709; x_wconf 89' lang='lat' dir='ltr'>dua-</span> 
     </span>
    </p>
   </div>
   <div class='ocr_carea' id='block_1_7' title="bbox 289 738 1851 825">
    <p class='ocr_par' dir='ltr' id='par_1_7' title="bbox 289 738 1851 825">
     <span class='ocr_line' id='line_1_7' title="bbox 289 738 1851 825; baseline 0.001 -24"><span class='ocrx_word' id='word_1_38' title='bbox 289 760 446 802; x_wconf 77' lang='lat' dir='ltr'>mus</span> <span class='ocrx_word' id='word_1_39' title='bbox 479 739 714 825; x_wconf 78' lang='lat' dir='ltr'>platee</span> <span class='ocrx_word' id='word_1_40' title='bbox 779 762 908 825; x_wconf 85' lang='lat' dir='ltr'>que</span> <span class='ocrx_word' id='word_1_41' title='bbox 973 745 1077 804; x_wconf 83' lang='lat' dir='ltr'>est</span> <span class='ocrx_word' id='word_1_42' title='bbox 1130 740 1306 805; x_wconf 79' lang='lat' dir='ltr'>circa</span> <span class='ocrx_word' id='word_1_43' title='bbox 1321 742 1360 803; x_wconf 71' lang='lat'>,²</span> <span class='ocrx_word' id='word_1_44' title='bbox 1391 745 1594 825; x_wconf 82' lang='lat' dir='ltr'>porte</span> <span class='ocrx_word' id='word_1_45' title='bbox 1635 738 1851 805; x_wconf 78' lang='lat' dir='ltr'><em>castri</em></span> 
     </span>
    </p>
   </div>
   <div class='ocr_carea' id='block_1_8' title="bbox 283 832 1459 920">
    <p class='ocr_par' dir='ltr' id='par_1_8' title="bbox 283 832 1459 920">
     <span class='ocr_line' id='line_1_8' title="bbox 283 832 1459 920; baseline 0.003 -25"><span class='ocrx_word' id='word_1_46' title='bbox 283 832 540 897; x_wconf 83' lang='lat' dir='ltr'>eclexie</span> <span class='ocrx_word' id='word_1_47' title='bbox 587 834 670 899; x_wconf 84' lang='lat' dir='ltr'>de</span> <span class='ocrx_word' id='word_1_48' title='bbox 713 835 1158 920; x_wconf 77' lang='lat' dir='ltr'>Ponponisco,</span> <span class='ocrx_word' id='word_1_49' title='bbox 1206 856 1242 898; x_wconf 81' lang='lat'>›</span> <span class='ocrx_word' id='word_1_50' title='bbox 1291 834 1358 901; x_wconf 87' lang='grc' dir='ltr'><em>Α</em></span> <span class='ocrx_word' id='word_1_51' title='bbox 1379 835 1459 900; x_wconf 88' lang='lat' dir='ltr'>G.</span> 
     </span>
    </p>
   </div>
   <div class='ocr_carea' id='block_1_9' title="bbox 199 971 1842 1147">
    <p class='ocr_par' dir='ltr' id='par_1_9' title="bbox 199 971 1842 1147">
     <span class='ocr_line' id='line_1_9' title="bbox 280 971 1842 1055; baseline 0 -22"><span class='ocrx_word' id='word_1_52' title='bbox 280 971 821 1054; x_wconf 79' lang='lat' dir='ltr'>Singhibaldus,</span> <span class='ocrx_word' id='word_1_53' title='bbox 869 972 1260 1055; x_wconf 88' lang='lat' dir='ltr'>Yrighinus</span> <span class='ocrx_word' id='word_1_54' title='bbox 1313 972 1562 1036; x_wconf 89' lang='lat' dir='ltr'>fratres</span> <span class='ocrx_word' id='word_1_55' title='bbox 1605 972 1728 1036; x_wconf 87' lang='lat' dir='ltr'>filii</span> <span class='ocrx_word' id='word_1_56' title='bbox 1773 994 1842 1054; x_wconf 89' lang='lat' dir='ltr'>q.</span> 
     </span>
     <span class='ocr_line' id='line_1_10' title="bbox 199 1064 1841 1147; baseline 0.001 -19"><span class='ocrx_word' id='word_1_57' title='bbox 199 1064 580 1147; x_wconf 88' lang='lat' dir='ltr'>Ughozoni</span> <span class='ocrx_word' id='word_1_58' title='bbox 627 1066 718 1129; x_wconf 89' lang='lat' dir='ltr'>de</span> <span class='ocrx_word' id='word_1_59' title='bbox 762 1065 1278 1147; x_wconf 82' lang='lat' dir='ltr'>PonponischO,</span> <span class='ocrx_word' id='word_1_60' title='bbox 1315 1066 1740 1129; x_wconf 88' lang='lat' dir='ltr'>Devadanus</span> <span class='ocrx_word' id='word_1_61' title='bbox 1770 1077 1841 1129; x_wconf 85' lang='lat' dir='ltr'>et</span> 
     </span>
    </p>
   </div>
   <div class='ocr_carea' id='block_1_10' title="bbox 201 1158 1844 1242">
    <p class='ocr_par' dir='ltr' id='par_1_10' title="bbox 201 1158 1844 1242">
     <span class='ocr_line' id='line_1_11' title="bbox 201 1158 1844 1242; baseline 0.002 -22"><span class='ocrx_word' id='word_1_62' title='bbox 201 1160 535 1241; x_wconf 75' lang='lat' dir='ltr'>paganus</span> <span class='ocrx_word' id='word_1_63' title='bbox 581 1158 626 1222; x_wconf 84' lang='lat' dir='ltr'><strong>f.</strong></span> <span class='ocrx_word' id='word_1_64' title='bbox 663 1180 730 1241; x_wconf 90' lang='lat' dir='ltr'>q.</span> <span class='ocrx_word' id='word_1_65' title='bbox 764 1158 1031 1223; x_wconf 86' lang='lat' dir='ltr'>Patuzii</span> <span class='ocrx_word' id='word_1_66' title='bbox 1063 1161 1150 1222; x_wconf 91' lang='lat' dir='ltr'>de</span> <span class='ocrx_word' id='word_1_67' title='bbox 1181 1160 1645 1242; x_wconf 90' lang='lat' dir='ltr'>Ponponisc0,</span> <span class='ocrx_word' id='word_1_68' title='bbox 1678 1161 1844 1223; x_wconf 89' lang='lat' dir='ltr'>Tru·</span> 
     </span>
    </p>
   </div>
   <div class='ocr_carea' id='block_1_11' title="bbox 193 1253 1841 1618">
    <p class='ocr_par' dir='ltr' id='par_1_11' title="bbox 193 1253 1841 1618">
     <span class='ocr_line' id='line_1_12' title="bbox 197 1253 1841 1337; baseline 0.001 -22"><span class='ocrx_word' id='word_1_69' title='bbox 197 1253 494 1316; x_wconf 85' lang='lat' dir='ltr'>cardus?</span> <span class='ocrx_word' id='word_1_70' title='bbox 564 1253 609 1315; x_wconf 93' lang='lat' dir='ltr'><strong>f.</strong></span> <span class='ocrx_word' id='word_1_71' title='bbox 667 1274 736 1335; x_wconf 92' lang='lat' dir='ltr'>q.</span> <span class='ocrx_word' id='word_1_72' title='bbox 781 1253 1156 1317; x_wconf 90' lang='lat' dir='ltr'>Maxinerii</span> <span class='ocrx_word' id='word_1_73' title='bbox 1225 1254 1310 1316; x_wconf 92' lang='lat' dir='ltr'>de</span> <span class='ocrx_word' id='word_1_74' title='bbox 1375 1255 1841 1337; x_wconf 88' lang='lat' dir='ltr'>Ponponisco,</span> 
     </span>
     <span class='ocr_line' id='line_1_13' title="bbox 195 1344 1840 1429; baseline 0.002 -22"><span class='ocrx_word' id='word_1_75' title='bbox 195 1346 554 1410; x_wconf 84' lang='lat' dir='ltr'>Soldanus</span> <span class='ocrx_word' id='word_1_76' title='bbox 609 1344 654 1409; x_wconf 88' lang='lat' dir='ltr'><strong>f.</strong></span> <span class='ocrx_word' id='word_1_77' title='bbox 726 1368 792 1429; x_wconf 91' lang='lat' dir='ltr'>q.</span> <span class='ocrx_word' id='word_1_78' title='bbox 854 1347 1166 1410; x_wconf 88' lang='lat' dir='ltr'>Brunelli</span> <span class='ocrx_word' id='word_1_79' title='bbox 1228 1348 1315 1410; x_wconf 90' lang='lat' dir='ltr'>de</span> <span class='ocrx_word' id='word_1_80' title='bbox 1380 1348 1840 1429; x_wconf 84' lang='lat' dir='ltr'>PonponiscO,</span> 
     </span>
     <span class='ocr_line' id='line_1_14' title="bbox 193 1438 1839 1523; baseline 0.002 -21"><span class='ocrx_word' id='word_1_81' title='bbox 193 1440 550 1503; x_wconf 89' lang='lat' dir='ltr'>Iohannes</span> <span class='ocrx_word' id='word_1_82' title='bbox 595 1438 640 1503; x_wconf 89' lang='lat' dir='ltr'><strong>f.</strong></span> <span class='ocrx_word' id='word_1_83' title='bbox 695 1461 763 1522; x_wconf 93' lang='lat' dir='ltr'>q.</span> <span class='ocrx_word' id='word_1_84' title='bbox 831 1440 1155 1503; x_wconf 88' lang='lat' dir='ltr'>Fulchini</span> <span class='ocrx_word' id='word_1_85' title='bbox 1222 1441 1310 1504; x_wconf 93' lang='lat' dir='ltr'>de</span> <span class='ocrx_word' id='word_1_86' title='bbox 1375 1440 1839 1523; x_wconf 90' lang='lat' dir='ltr'>Ponponisco,</span> 
     </span>
     <span class='ocr_line' id='line_1_15' title="bbox 193 1534 1840 1618; baseline 0.001 -22"><span class='ocrx_word' id='word_1_87' title='bbox 193 1543 406 1615; x_wconf 87' lang='lat' dir='ltr'>atque</span> <span class='ocrx_word' id='word_1_88' title='bbox 460 1534 746 1618; x_wconf 89' lang='lat' dir='ltr'>Pyntus</span> <span class='ocrx_word' id='word_1_89' title='bbox 804 1554 872 1617; x_wconf 90' lang='lat' dir='ltr'>q.</span> <span class='ocrx_word' id='word_1_90' title='bbox 923 1534 1012 1597; x_wconf 92' lang='lat' dir='ltr'>D.</span> <span class='ocrx_word' id='word_1_91' title='bbox 1067 1534 1702 1617; x_wconf 86' lang='lat' dir='ltr'>Archipresbiteris</span> <span class='ocrx_word' id='word_1_92' title='bbox 1753 1538 1840 1599; x_wconf 90' lang='lat' dir='ltr'>de</span> 
     </span>
    </p>
   </div>
   <div class='ocr_carea' id='block_1_12' title="bbox 191 1628 1842 1804">
    <p class='ocr_par' dir='ltr' id='par_1_12' title="bbox 191 1628 1842 1804">
     <span class='ocr_line' id='line_1_16' title="bbox 191 1628 1841 1710; baseline 0.001 -19"><span class='ocrx_word' id='word_1_93' title='bbox 191 1628 672 1709; x_wconf 89' lang='lat' dir='ltr'>Ponponisco,</span> <span class='ocrx_word' id='word_1_94' title='bbox 705 1648 950 1691; x_wconf 89' lang='lat' dir='ltr'>omnes</span> <span class='ocrx_word' id='word_1_95' title='bbox 983 1629 1070 1692; x_wconf 89' lang='lat' dir='ltr'>de</span> <span class='ocrx_word' id='word_1_96' title='bbox 1099 1628 1542 1710; x_wconf 89' lang='lat' dir='ltr'>Ponponisco</span> <span class='ocrx_word' id='word_1_97' title='bbox 1573 1668 1656 1677; x_wconf 90' lang='lat'>--</span> <span class='ocrx_word' id='word_1_98' title='bbox 1685 1630 1841 1692; x_wconf 87' lang='lat' dir='ltr'>visa</span> 
     </span>
     <span class='ocr_line' id='line_1_17' title="bbox 192 1722 1842 1804; baseline 0.002 -21"><span class='ocrx_word' id='word_1_99' title='bbox 192 1722 614 1785; x_wconf 86' lang='lat' dir='ltr'>remissione</span> <span class='ocrx_word' id='word_1_100' title='bbox 641 1732 716 1785; x_wconf 90' lang='lat' dir='ltr'>et</span> <span class='ocrx_word' id='word_1_101' title='bbox 743 1730 988 1786; x_wconf 88' lang='lat' dir='ltr'>tenuta</span> <span class='ocrx_word' id='word_1_102' title='bbox 1017 1725 1265 1786; x_wconf 91' lang='lat' dir='ltr'>eodem</span> <span class='ocrx_word' id='word_1_103' title='bbox 1289 1742 1528 1787; x_wconf 89' lang='lat' dir='ltr'>mense</span> <span class='ocrx_word' id='word_1_104' title='bbox 1555 1734 1842 1804; x_wconf 88' lang='lat' dir='ltr'>accepta</span> 
     </span>
    </p>
   </div>
   <div class='ocr_carea' id='block_1_13' title="bbox 187 1815 1839 1975">
    <p class='ocr_par' dir='ltr' id='par_1_13' title="bbox 187 1815 1839 1975">
     <span class='ocr_line' id='line_1_18' title="bbox 187 1815 1834 1898; baseline 0.001 -20"><span class='ocrx_word' id='word_1_105' title='bbox 187 1816 269 1878; x_wconf 90' lang='lat' dir='ltr'>de</span> <span class='ocrx_word' id='word_1_106' title='bbox 315 1815 558 1890; x_wconf 92' lang='lat' dir='ltr'>bonis,</span> <span class='ocrx_word' id='word_1_107' title='bbox 605 1815 897 1889; x_wconf 82' lang='lat' dir='ltr'>iuribuS,</span> <span class='ocrx_word' id='word_1_108' title='bbox 964 1817 1554 1898; x_wconf 84' lang='lat' dir='ltr'>possessionibus,</span> <span class='ocrx_word' id='word_1_109' title='bbox 1610 1818 1834 1891; x_wconf 90' lang='lat' dir='ltr'>terris,</span> 
     </span>
     <span class='ocr_line' id='line_1_19' title="bbox 189 1909 1839 1975; baseline 0.001 -4"><span class='ocrx_word' id='word_1_110' title='bbox 189 1909 588 1973; x_wconf 90' lang='lat' dir='ltr'>honoribus</span> <span class='ocrx_word' id='word_1_111' title='bbox 619 1930 702 1973; x_wconf 90' lang='lat' dir='ltr'>ac</span> <span class='ocrx_word' id='word_1_112' title='bbox 728 1911 814 1973; x_wconf 88' lang='lat' dir='ltr'>de</span> <span class='ocrx_word' id='word_1_113' title='bbox 840 1910 1166 1973; x_wconf 89' lang='lat' dir='ltr'>domibus</span> <span class='ocrx_word' id='word_1_114' title='bbox 1199 1912 1286 1973; x_wconf 89' lang='lat' dir='ltr'>de</span> <span class='ocrx_word' id='word_1_115' title='bbox 1309 1910 1592 1975; x_wconf 89' lang='lat' dir='ltr'>flumine</span> <span class='ocrx_word' id='word_1_116' title='bbox 1616 1912 1839 1975; x_wconf 90' lang='lat' dir='ltr'>Paudi</span> 
     </span>
    </p>
   </div>
   <div class='ocr_carea' id='block_1_14' title="bbox 183 2004 1839 2649">
    <p class='ocr_par' dir='ltr' id='par_1_14' title="bbox 183 2004 1839 2649">
     <span class='ocr_line' id='line_1_20' title="bbox 191 2004 1839 2087; baseline 0.001 -21"><span class='ocrx_word' id='word_1_117' title='bbox 191 2014 256 2066; x_wconf 89' lang='lat' dir='ltr'>et</span> <span class='ocrx_word' id='word_1_118' title='bbox 301 2004 396 2067; x_wconf 86' lang='lat' dir='ltr'>de</span> <span class='ocrx_word' id='word_1_119' title='bbox 443 2014 926 2087; x_wconf 83' lang='lat' dir='ltr'>acugumento</span> <span class='ocrx_word' id='word_1_120' title='bbox 960 2006 1021 2085; x_wconf 88' lang='lat'>(!)</span> <span class='ocrx_word' id='word_1_121' title='bbox 1065 2004 1234 2067; x_wconf 91' lang='lat' dir='ltr'>dicti</span> <span class='ocrx_word' id='word_1_122' title='bbox 1266 2004 1507 2079; x_wconf 90' lang='lat' dir='ltr'>Paudi,</span> <span class='ocrx_word' id='word_1_123' title='bbox 1537 2025 1665 2087; x_wconf 91' lang='lat' dir='ltr'>per</span> <span class='ocrx_word' id='word_1_124' title='bbox 1697 2004 1839 2067; x_wconf 88' lang='lat' dir='ltr'>Isa-</span> 
     </span>
     <span class='ocr_line' id='line_1_21' title="bbox 189 2098 1838 2179; baseline 0.001 -20"><span class='ocrx_word' id='word_1_125' title='bbox 189 2098 478 2161; x_wconf 88' lang='lat' dir='ltr'>chinum</span> <span class='ocrx_word' id='word_1_126' title='bbox 536 2099 628 2162; x_wconf 91' lang='lat' dir='ltr'>de</span> <span class='ocrx_word' id='word_1_127' title='bbox 691 2098 915 2161; x_wconf 90' lang='lat' dir='ltr'>Moris</span> <span class='ocrx_word' id='word_1_128' title='bbox 979 2107 1502 2179; x_wconf 87' lang='lat' dir='ltr'>procuratorem</span> <span class='ocrx_word' id='word_1_129' title='bbox 1545 2101 1706 2162; x_wconf 90' lang='lat' dir='ltr'>nob.</span> <span class='ocrx_word' id='word_1_130' title='bbox 1750 2099 1838 2161; x_wconf 94' lang='lat' dir='ltr'>D.</span> 
     </span>
     <span class='ocr_line' id='line_1_22' title="bbox 190 2181 1838 2276; baseline 0.002 -23"><span class='ocrx_word' id='word_1_131' title='bbox 190 2192 474 2267; x_wconf 86' lang='lat' dir='ltr'>Annae,</span> <span class='ocrx_word' id='word_1_132' title='bbox 527 2189 712 2255; x_wconf 90' lang='lat' dir='ltr'>filiae</span> <span class='ocrx_word' id='word_1_133' title='bbox 758 2202 828 2255; x_wconf 90' lang='lat' dir='ltr'>et</span> <span class='ocrx_word' id='word_1_134' title='bbox 885 2190 1165 2256; x_wconf 86' lang='lat' dir='ltr'>heredis</span> <span class='ocrx_word' id='word_1_135' title='bbox 1211 2215 1276 2276; x_wconf 93' lang='lat' dir='ltr'>q.</span> <span class='ocrx_word' id='word_1_136' title='bbox 1323 2181 1645 2269; x_wconf 83' lang='lat' dir='ltr'>Nicolini,</span> <span class='ocrx_word' id='word_1_137' title='bbox 1713 2192 1838 2257; x_wconf 91' lang='lat' dir='ltr'>fllii</span> 
     </span>
     <span class='ocr_line' id='line_1_23' title="bbox 187 2286 1838 2369; baseline 0.002 -22"><span class='ocrx_word' id='word_1_138' title='bbox 187 2297 252 2348; x_wconf 90' lang='lat' dir='ltr'>et</span> <span class='ocrx_word' id='word_1_139' title='bbox 307 2286 609 2349; x_wconf 90' lang='lat' dir='ltr'>heredis</span> <span class='ocrx_word' id='word_1_140' title='bbox 675 2306 741 2368; x_wconf 93' lang='lat' dir='ltr'>q.</span> <span class='ocrx_word' id='word_1_141' title='bbox 804 2286 1179 2369; x_wconf 89' lang='lat' dir='ltr'>Gandyoni</span> <span class='ocrx_word' id='word_1_142' title='bbox 1250 2288 1336 2349; x_wconf 93' lang='lat' dir='ltr'>de</span> <span class='ocrx_word' id='word_1_143' title='bbox 1402 2286 1712 2351; x_wconf 89' lang='lat' dir='ltr'>Dovaria</span> <span class='ocrx_word' id='word_1_144' title='bbox 1754 2323 1838 2334; x_wconf 90' lang='lat'><em>-</em></span> 
     </span>
     <span class='ocr_line' id='line_1_24' title="bbox 185 2379 1838 2460; baseline 0.001 -18"><span class='ocrx_word' id='word_1_145' title='bbox 185 2379 692 2460; x_wconf 90' lang='lat' dir='ltr'>praesentibus</span> <span class='ocrx_word' id='word_1_146' title='bbox 737 2380 1054 2453; x_wconf 84' lang='lat' dir='ltr'>testibus,</span> <span class='ocrx_word' id='word_1_147' title='bbox 1109 2390 1178 2443; x_wconf 92' lang='lat' dir='ltr'>et</span> <span class='ocrx_word' id='word_1_148' title='bbox 1223 2380 1531 2443; x_wconf 83' lang='lat' dir='ltr'>Iohanne</span> <span class='ocrx_word' id='word_1_149' title='bbox 1578 2382 1664 2445; x_wconf 89' lang='lat' dir='ltr'>de</span> <span class='ocrx_word' id='word_1_150' title='bbox 1709 2380 1838 2443; x_wconf 90' lang='lat' dir='ltr'>Ri-</span> 
     </span>
     <span class='ocr_line' id='line_1_25' title="bbox 185 2472 1838 2559; baseline 0.002 -24"><span class='ocrx_word' id='word_1_151' title='bbox 185 2474 378 2536; x_wconf 89' lang='lat' dir='ltr'>valta</span> <span class='ocrx_word' id='word_1_152' title='bbox 403 2472 680 2537; x_wconf 86' lang='lat' dir='ltr'>factore</span> <span class='ocrx_word' id='word_1_153' title='bbox 709 2474 798 2537; x_wconf 89' lang='lat' dir='ltr'>D.</span> <span class='ocrx_word' id='word_1_154' title='bbox 829 2473 1072 2557; x_wconf 89' lang='lat' dir='ltr'>Loysii</span> <span class='ocrx_word' id='word_1_155' title='bbox 1104 2475 1190 2537; x_wconf 89' lang='lat' dir='ltr'>de</span> <span class='ocrx_word' id='word_1_156' title='bbox 1225 2472 1646 2559; x_wconf 86' lang='lat' dir='ltr'>Gonzaghis,</span> <span class='ocrx_word' id='word_1_157' title='bbox 1677 2496 1838 2559; x_wconf 91' lang='lat' dir='ltr'>pro-</span> 
     </span>
     <span class='ocr_line' id='line_1_26' title="bbox 183 2568 1836 2649; baseline 0.002 -19"><span class='ocrx_word' id='word_1_158' title='bbox 183 2578 548 2631; x_wconf 83' lang='lat' dir='ltr'>testantur</span> <span class='ocrx_word' id='word_1_159' title='bbox 593 2588 828 2631; x_wconf 88' lang='lat' dir='ltr'>coram</span> <span class='ocrx_word' id='word_1_160' title='bbox 876 2568 1064 2631; x_wconf 89' lang='lat' dir='ltr'>dicto</span> <span class='ocrx_word' id='word_1_161' title='bbox 1109 2580 1563 2649; x_wconf 86' lang='lat' dir='ltr'>procuratore</span> <span class='ocrx_word' id='word_1_162' title='bbox 1620 2590 1694 2634; x_wconf 92' lang='lat' dir='ltr'>se</span> <span class='ocrx_word' id='word_1_163' title='bbox 1739 2580 1836 2633; x_wconf 91' lang='lat' dir='ltr'>te-</span> 
     </span>
    </p>
   </div>
   <div class='ocr_carea' id='block_1_15' title="bbox 183 2661 1834 2745">
    <p class='ocr_par' dir='ltr' id='par_1_15' title="bbox 183 2661 1834 2745">
     <span class='ocr_line' id='line_1_27' title="bbox 183 2661 1834 2745; baseline 0.002 -20"><span class='ocrx_word' id='word_1_164' title='bbox 183 2682 352 2725; x_wconf 86' lang='lat' dir='ltr'>nere</span> <span class='ocrx_word' id='word_1_165' title='bbox 387 2662 464 2725; x_wconf 92' lang='lat' dir='ltr'>in</span> <span class='ocrx_word' id='word_1_166' title='bbox 499 2661 814 2725; x_wconf 88' lang='lat' dir='ltr'>futurum</span> <span class='ocrx_word' id='word_1_167' title='bbox 841 2661 1075 2725; x_wconf 91' lang='lat' dir='ltr'>omnia</span> <span class='ocrx_word' id='word_1_168' title='bbox 1104 2662 1466 2745; x_wconf 88' lang='lat' dir='ltr'>praedicta</span> <span class='ocrx_word' id='word_1_169' title='bbox 1493 2664 1679 2726; x_wconf 89' lang='lat' dir='ltr'>bona</span> <span class='ocrx_word' id='word_1_170' title='bbox 1707 2684 1834 2745; x_wconf 85' lang='lat' dir='ltr'>per</span> 
     </span>
    </p>
   </div>
   <div class='ocr_carea' id='block_1_16' title="bbox 179 2755 1834 2839">
    <p class='ocr_par' dir='ltr' id='par_1_16' title="bbox 179 2755 1834 2839">
     <span class='ocr_line' id='line_1_28' title="bbox 179 2755 1834 2839; baseline 0.002 -22"><span class='ocrx_word' id='word_1_171' title='bbox 179 2766 606 2835; x_wconf 87' lang='lat' dir='ltr'>praesentes</span> <span class='ocrx_word' id='word_1_172' title='bbox 651 2755 994 2829; x_wconf 88' lang='lat' dir='ltr'>dominos,</span> <span class='ocrx_word' id='word_1_173' title='bbox 1030 2756 1118 2819; x_wconf 88' lang='lat' dir='ltr'>de</span> <span class='ocrx_word' id='word_1_174' title='bbox 1149 2755 1404 2839; x_wconf 91' lang='lat' dir='ltr'>quibus</span> <span class='ocrx_word' id='word_1_175' title='bbox 1450 2756 1653 2820; x_wconf 91' lang='lat' dir='ltr'>bonis</span> <span class='ocrx_word' id='word_1_176' title='bbox 1685 2768 1834 2821; x_wconf 87' lang='lat' dir='ltr'>erat</span> 
     </span>
    </p>
   </div>
   <div class='ocr_carea' id='block_1_17' title="bbox 179 2849 1832 2934">
    <p class='ocr_par' dir='ltr' id='par_1_17' title="bbox 179 2849 1832 2934">
     <span class='ocr_line' id='line_1_29' title="bbox 179 2849 1832 2934; baseline 0.003 -24"><span class='ocrx_word' id='word_1_177' title='bbox 179 2850 316 2911; x_wconf 90' lang='lat' dir='ltr'>iam</span> <span class='ocrx_word' id='word_1_178' title='bbox 365 2849 757 2922; x_wconf 83' lang='lat' dir='ltr'>contentiO,</span> <span class='ocrx_word' id='word_1_179' title='bbox 796 2850 1106 2913; x_wconf 87' lang='lat' dir='ltr'>nondum</span> <span class='ocrx_word' id='word_1_180' title='bbox 1138 2850 1387 2932; x_wconf 87' lang='lat' dir='ltr'>sopita,</span> <span class='ocrx_word' id='word_1_181' title='bbox 1423 2849 1602 2914; x_wconf 91' lang='lat' dir='ltr'>inter</span> <span class='ocrx_word' id='word_1_182' title='bbox 1635 2872 1832 2934; x_wconf 88' lang='lat' dir='ltr'>prae-</span> 
     </span>
    </p>
   </div>
   <div class='ocr_carea' id='block_1_18' title="bbox 181 2942 1833 3026">
    <p class='ocr_par' dir='ltr' id='par_1_18' title="bbox 181 2942 1833 3026">
     <span class='ocr_line' id='line_1_30' title="bbox 181 2942 1833 3026; baseline 0.002 -21"><span class='ocrx_word' id='word_1_183' title='bbox 181 2942 416 3007; x_wconf 89' lang='lat' dir='ltr'>dictos</span> <span class='ocrx_word' id='word_1_184' title='bbox 453 2942 781 3007; x_wconf 90' lang='lat' dir='ltr'>dominos</span> <span class='ocrx_word' id='word_1_185' title='bbox 814 2945 902 3006; x_wconf 89' lang='lat' dir='ltr'>de</span> <span class='ocrx_word' id='word_1_186' title='bbox 931 2943 1378 3026; x_wconf 89' lang='lat' dir='ltr'>Ponponisco</span> <span class='ocrx_word' id='word_1_187' title='bbox 1409 2956 1479 3007; x_wconf 90' lang='lat' dir='ltr'>et</span> <span class='ocrx_word' id='word_1_188' title='bbox 1511 2946 1833 3010; x_wconf 89' lang='lat' dir='ltr'>dominos</span> 
     </span>
    </p>
   </div>
   <div class='ocr_carea' id='block_1_19' title="bbox 165 3037 1831 3780">
    <p class='ocr_par' dir='ltr' id='par_1_19' title="bbox 165 3037 1831 3780">
     <span class='ocr_line' id='line_1_31' title="bbox 181 3037 1831 3119; baseline 0.001 -19"><span class='ocrx_word' id='word_1_189' title='bbox 181 3040 266 3100; x_wconf 90' lang='lat' dir='ltr'>de</span> <span class='ocrx_word' id='word_1_190' title='bbox 311 3037 662 3108; x_wconf 88' lang='lat' dir='ltr'>Dovaria,</span> <span class='ocrx_word' id='word_1_191' title='bbox 712 3046 782 3100; x_wconf 90' lang='lat' dir='ltr'>et</span> <span class='ocrx_word' id='word_1_192' title='bbox 828 3038 1018 3119; x_wconf 92' lang='lat' dir='ltr'>quod</span> <span class='ocrx_word' id='word_1_193' title='bbox 1083 3047 1277 3101; x_wconf 87' lang='lat' dir='ltr'>erant</span> <span class='ocrx_word' id='word_1_194' title='bbox 1345 3038 1599 3101; x_wconf 87' lang='lat' dir='ltr'>Annae</span> <span class='ocrx_word' id='word_1_195' title='bbox 1663 3049 1831 3102; x_wconf 89' lang='lat' dir='ltr'>tam-</span> 
     </span>
     <span class='ocr_line' id='line_1_32' title="bbox 177 3130 1829 3215; baseline 0.002 -22"><span class='ocrx_word' id='word_1_196' title='bbox 177 3152 398 3213; x_wconf 88' lang='lat' dir='ltr'>quam</span> <span class='ocrx_word' id='word_1_197' title='bbox 449 3132 736 3195; x_wconf 88' lang='lat' dir='ltr'>heredis</span> <span class='ocrx_word' id='word_1_198' title='bbox 779 3130 1001 3215; x_wconf 89' lang='lat' dir='ltr'>patris</span> <span class='ocrx_word' id='word_1_199' title='bbox 1046 3132 1174 3207; x_wconf 89' lang='lat' dir='ltr'>sui,</span> <span class='ocrx_word' id='word_1_200' title='bbox 1217 3142 1285 3196; x_wconf 88' lang='lat' dir='ltr'>et</span> <span class='ocrx_word' id='word_1_201' title='bbox 1329 3136 1520 3215; x_wconf 90' lang='lat' dir='ltr'>quod</span> <span class='ocrx_word' id='word_1_202' title='bbox 1563 3132 1829 3197; x_wconf 89' lang='lat' dir='ltr'>nullum</span> 
     </span>
     <span class='ocr_line' id='line_1_33' title="bbox 169 3224 1825 3310; baseline 0.002 -23"><span class='ocrx_word' id='word_1_203' title='bbox 169 3226 276 3288; x_wconf 88' lang='lat' dir='ltr'>ius</span> <span class='ocrx_word' id='word_1_204' title='bbox 321 3226 692 3289; x_wconf 89' lang='lat' dir='ltr'>habebant</span> <span class='ocrx_word' id='word_1_205' title='bbox 738 3224 810 3287; x_wconf 91' lang='lat' dir='ltr'>in</span> <span class='ocrx_word' id='word_1_206' title='bbox 880 3224 1086 3289; x_wconf 89' lang='lat' dir='ltr'>dictis</span> <span class='ocrx_word' id='word_1_207' title='bbox 1151 3228 1365 3290; x_wconf 92' lang='lat' dir='ltr'>rebus</span> <span class='ocrx_word' id='word_1_208' title='bbox 1431 3227 1825 3310; x_wconf 88' lang='lat' dir='ltr'>Gandyoni,</span> 
     </span>
     <span class='ocr_line' id='line_1_34' title="bbox 168 3317 1822 3404; baseline 0.002 -24"><span class='ocrx_word' id='word_1_209' title='bbox 168 3319 380 3383; x_wconf 86' lang='lat' dir='ltr'>sicuti</span> <span class='ocrx_word' id='word_1_210' title='bbox 430 3317 850 3401; x_wconf 84' lang='lat' dir='ltr'>possidebat</span> <span class='ocrx_word' id='word_1_211' title='bbox 918 3330 1236 3402; x_wconf 87' lang='lat' dir='ltr'>tempore</span> <span class='ocrx_word' id='word_1_212' title='bbox 1297 3342 1436 3403; x_wconf 90' lang='lat' dir='ltr'>quo</span> <span class='ocrx_word' id='word_1_213' title='bbox 1483 3323 1822 3404; x_wconf 88' lang='lat' dir='ltr'>expulsus</span> 
     </span>
     <span class='ocr_line' id='line_1_35' title="bbox 169 3413 1825 3498; baseline 0.002 -23"><span class='ocrx_word' id='word_1_214' title='bbox 169 3413 296 3477; x_wconf 86' lang='lat' dir='ltr'>fuit</span> <span class='ocrx_word' id='word_1_215' title='bbox 347 3414 444 3477; x_wconf 92' lang='lat' dir='ltr'>de</span> <span class='ocrx_word' id='word_1_216' title='bbox 478 3413 769 3477; x_wconf 87' lang='lat' dir='ltr'>civitate</span> <span class='ocrx_word' id='word_1_217' title='bbox 800 3414 1184 3479; x_wconf 85' lang='lat' dir='ltr'>Cremonae</span> <span class='ocrx_word' id='word_1_218' title='bbox 1215 3433 1346 3498; x_wconf 87' lang='lat' dir='ltr'>pro</span> <span class='ocrx_word' id='word_1_219' title='bbox 1386 3426 1584 3498; x_wconf 90' lang='lat' dir='ltr'>parte</span> <span class='ocrx_word' id='word_1_220' title='bbox 1617 3416 1825 3479; x_wconf 89' lang='lat' dir='ltr'>Boxii</span> 
     </span>
     <span class='ocr_line' id='line_1_36' title="bbox 169 3506 1827 3591; baseline 0.003 -23"><span class='ocrx_word' id='word_1_221' title='bbox 169 3508 254 3569; x_wconf 88' lang='lat' dir='ltr'>de</span> <span class='ocrx_word' id='word_1_222' title='bbox 301 3506 664 3583; x_wconf 86' lang='lat' dir='ltr'>Dovaria;</span> <span class='ocrx_word' id='word_1_223' title='bbox 713 3507 912 3572; x_wconf 90' lang='lat' dir='ltr'>salvo</span> <span class='ocrx_word' id='word_1_224' title='bbox 961 3509 1149 3591; x_wconf 92' lang='lat' dir='ltr'>quod</span> <span class='ocrx_word' id='word_1_225' title='bbox 1189 3509 1547 3590; x_wconf 86' lang='lat' dir='ltr'>praedicta</span> <span class='ocrx_word' id='word_1_226' title='bbox 1587 3518 1827 3574; x_wconf 88' lang='lat' dir='ltr'>tenuta</span> 
     </span>
     <span class='ocr_line' id='line_1_37' title="bbox 165 3602 1824 3683; baseline 0.002 -20"><span class='ocrx_word' id='word_1_227' title='bbox 165 3610 472 3683; x_wconf 84' lang='lat' dir='ltr'>accepta</span> <span class='ocrx_word' id='word_1_228' title='bbox 519 3620 660 3665; x_wconf 90' lang='lat' dir='ltr'>non</span> <span class='ocrx_word' id='word_1_229' title='bbox 721 3602 1158 3683; x_wconf 89' lang='lat' dir='ltr'>praeiudicet</span> <span class='ocrx_word' id='word_1_230' title='bbox 1222 3603 1490 3667; x_wconf 89' lang='lat' dir='ltr'>iuribus</span> <span class='ocrx_word' id='word_1_231' title='bbox 1549 3604 1824 3667; x_wconf 87' lang='lat' dir='ltr'>illorum</span> 
     </span>
     <span class='ocr_line' id='line_1_38' title="bbox 167 3696 1820 3780; baseline 0.002 -23"><span class='ocrx_word' id='word_1_232' title='bbox 167 3696 252 3757; x_wconf 92' lang='lat' dir='ltr'>de</span> <span class='ocrx_word' id='word_1_233' title='bbox 284 3696 778 3776; x_wconf 89' lang='lat' dir='ltr'>Pomponisco</span> <span class='ocrx_word' id='word_1_234' title='bbox 809 3696 880 3759; x_wconf 90' lang='lat' dir='ltr'>in</span> <span class='ocrx_word' id='word_1_235' title='bbox 911 3696 1124 3759; x_wconf 89' lang='lat' dir='ltr'>rebus</span> <span class='ocrx_word' id='word_1_236' title='bbox 1156 3696 1242 3759; x_wconf 88' lang='lat' dir='ltr'>de</span> <span class='ocrx_word' id='word_1_237' title='bbox 1274 3697 1531 3778; x_wconf 90' lang='lat' dir='ltr'>quibus</span> <span class='ocrx_word' id='word_1_238' title='bbox 1563 3698 1634 3761; x_wconf 90' lang='lat' dir='ltr'>in</span> <span class='ocrx_word' id='word_1_239' title='bbox 1665 3697 1820 3780; x_wconf 90' lang='lat' dir='ltr'>ipsa</span> 
     </span>
    </p>
   </div>
   <div class='ocr_carea' id='block_1_20' title="bbox 173 3789 1270 3947">
    <p class='ocr_par' dir='ltr' id='par_1_20' title="bbox 173 3789 1270 3947">
     <span class='ocr_line' id='line_1_39' title="bbox 173 3789 449 3851; baseline 0.007 -2"><span class='ocrx_word' id='word_1_240' title='bbox 173 3789 449 3851; x_wconf 88' lang='lat' dir='ltr'>siletur.</span> 
     </span>
     <span class='ocr_line' id='line_1_40' title="bbox 247 3882 1270 3947; baseline 0 0"><span class='ocrx_word' id='word_1_241' title='bbox 247 3883 570 3947; x_wconf 88' lang='lat' dir='ltr'>Alberto</span> <span class='ocrx_word' id='word_1_242' title='bbox 619 3882 706 3947; x_wconf 91' lang='lat' dir='ltr'>de</span> <span class='ocrx_word' id='word_1_243' title='bbox 753 3882 1081 3947; x_wconf 88' lang='lat' dir='ltr'>Tedaldis</span> <span class='ocrx_word' id='word_1_244' title='bbox 1127 3893 1270 3947; x_wconf 91' lang='lat' dir='ltr'>not.</span> 
     </span>
    </p>
   </div>
   <div class='ocr_carea' id='block_1_21' title="bbox 165 4070 1816 4249">
    <p class='ocr_par' dir='ltr' id='par_1_21' title="bbox 165 4070 1816 4249">
     <span class='ocr_line' id='line_1_41' title="bbox 165 4070 1816 4151; baseline 0.003 -18"><span class='ocrx_word' id='word_1_245' title='bbox 165 4090 300 4149; x_wconf 83' lang='lat'><strong>232.</strong></span> <span class='ocrx_word' id='word_1_246' title='bbox 351 4109 440 4117; x_wconf 90' lang='lat'>—</span> <span class='ocrx_word' id='word_1_247' title='bbox 500 4089 682 4151; x_wconf 82' lang='lat'>1325,</span> <span class='ocrx_word' id='word_1_248' title='bbox 729 4074 850 4135; x_wconf 88' lang='lat' dir='ltr'>oct.</span> <span class='ocrx_word' id='word_1_249' title='bbox 905 4092 998 4144; x_wconf 84' lang='lat'>12,</span> <span class='ocrx_word' id='word_1_250' title='bbox 1045 4072 1176 4147; x_wconf 85' lang='lat' dir='ltr'>IX,</span> <span class='ocrx_word' id='word_1_251' title='bbox 1225 4070 1289 4135; x_wconf 82' lang='lat' dir='ltr'><strong>d.</strong></span> <span class='ocrx_word' id='word_1_252' title='bbox 1347 4071 1659 4137; x_wconf 58' lang='lat' dir='ltr'>Venetz&#39;zlv.</span> <span class='ocrx_word' id='word_1_253' title='bbox 1709 4072 1816 4137; x_wconf 90' lang='lat' dir='ltr'>Fi-</span> 
     </span>
     <span class='ocr_line' id='line_1_42' title="bbox 249 4165 1496 4249; baseline 0 -20"><span class='ocrx_word' id='word_1_254' title='bbox 249 4167 450 4237; x_wconf 89' lang='lat' dir='ltr'>cker,</span> <span class='ocrx_word' id='word_1_255' title='bbox 501 4165 997 4249; x_wconf 79' lang='lat' dir='ltr'>Forschungen</span> <span class='ocrx_word' id='word_1_256' title='bbox 1041 4186 1162 4229; x_wconf 85' lang='lat' dir='ltr'>ecc.</span> <span class='ocrx_word' id='word_1_257' title='bbox 1209 4166 1305 4241; x_wconf 88' lang='lat' dir='ltr'>II,</span> <span class='ocrx_word' id='word_1_258' title='bbox 1355 4185 1496 4247; x_wconf 87' lang='lat'><strong>517.</strong></span> 
     </span>
    </p>
   </div>
   <div class='ocr_carea' id='block_1_22' title="bbox 157 4302 1816 5113">
    <p class='ocr_par' dir='ltr' id='par_1_22' title="bbox 157 4302 1816 5113">
     <span class='ocr_line' id='line_1_43' title="bbox 242 4302 1816 4385; baseline 0.001 -19"><span class='ocrx_word' id='word_1_259' title='bbox 242 4304 608 4366; x_wconf 90' lang='lat' dir='ltr'>Iohannes</span> <span class='ocrx_word' id='word_1_260' title='bbox 651 4302 1107 4385; x_wconf 88' lang='lat' dir='ltr'>Suprancius,</span> <span class='ocrx_word' id='word_1_261' title='bbox 1154 4303 1302 4366; x_wconf 90' lang='lat' dir='ltr'>dux</span> <span class='ocrx_word' id='word_1_262' title='bbox 1336 4302 1816 4367; x_wconf 86' lang='lat' dir='ltr'>Venetiarum·</span> 
     </span>
     <span class='ocr_line' id='line_1_44' title="bbox 157 4395 1816 4461; baseline 0.002 -3"><span class='ocrx_word' id='word_1_263' title='bbox 157 4397 500 4461; x_wconf 89' lang='lat' dir='ltr'>concedit</span> <span class='ocrx_word' id='word_1_264' title='bbox 545 4395 904 4459; x_wconf 88' lang='lat' dir='ltr'>nobilibus</span> <span class='ocrx_word' id='word_1_265' title='bbox 947 4396 1120 4460; x_wconf 89' lang='lat' dir='ltr'>viris</span> <span class='ocrx_word' id='word_1_266' title='bbox 1159 4398 1402 4459; x_wconf 88' lang='lat' dir='ltr'>Marco</span> <span class='ocrx_word' id='word_1_267' title='bbox 1434 4398 1714 4461; x_wconf 88' lang='lat' dir='ltr'>Donato</span> <span class='ocrx_word' id='word_1_268' title='bbox 1749 4410 1816 4461; x_wconf 87' lang='lat' dir='ltr'>et</span> 
     </span>
     <span class='ocr_line' id='line_1_45' title="bbox 167 4488 1814 4555; baseline 0.002 -4"><span class='ocrx_word' id='word_1_269' title='bbox 167 4491 548 4553; x_wconf 79' lang='lat' dir='ltr'>Amistade</span> <span class='ocrx_word' id='word_1_270' title='bbox 596 4488 969 4552; x_wconf 86' lang='lat' dir='ltr'>Trivisano</span> <span class='ocrx_word' id='word_1_271' title='bbox 1016 4500 1086 4553; x_wconf 90' lang='lat' dir='ltr'>et</span> <span class='ocrx_word' id='word_1_272' title='bbox 1129 4491 1372 4553; x_wconf 87' lang='lat' dir='ltr'>Marco</span> <span class='ocrx_word' id='word_1_273' title='bbox 1428 4491 1700 4554; x_wconf 89' lang='lat' dir='ltr'>Marino</span> <span class='ocrx_word' id='word_1_274' title='bbox 1745 4505 1814 4555; x_wconf 93' lang='lat' dir='ltr'>et</span> 
     </span>
     <span class='ocr_line' id='line_1_46' title="bbox 167 4583 1812 4665; baseline 0.001 -20"><span class='ocrx_word' id='word_1_275' title='bbox 167 4585 380 4646; x_wconf 88' lang='lat' dir='ltr'>sociis</span> <span class='ocrx_word' id='word_1_276' title='bbox 425 4583 999 4665; x_wconf 87' lang='lat' dir='ltr'>pignorationem</span> <span class='ocrx_word' id='word_1_277' title='bbox 1047 4583 1117 4646; x_wconf 91' lang='lat' dir='ltr'>in</span> <span class='ocrx_word' id='word_1_278' title='bbox 1163 4585 1367 4646; x_wconf 92' lang='lat' dir='ltr'>bonis</span> <span class='ocrx_word' id='word_1_279' title='bbox 1425 4586 1812 4649; x_wconf 89' lang='lat' dir='ltr'>communis</span> 
     </span>
     <span class='ocr_line' id='line_1_47' title="bbox 165 4676 1812 4749; baseline 0.002 -10"><span class='ocrx_word' id='word_1_280' title='bbox 165 4676 562 4739; x_wconf 89' lang='lat' dir='ltr'>Cremonae</span> <span class='ocrx_word' id='word_1_281' title='bbox 627 4688 698 4739; x_wconf 89' lang='lat' dir='ltr'>et</span> <span class='ocrx_word' id='word_1_282' title='bbox 765 4676 1358 4749; x_wconf 89' lang='lat' dir='ltr'>Cremonensium,</span> <span class='ocrx_word' id='word_1_283' title='bbox 1411 4679 1500 4741; x_wconf 86' lang='lat' dir='ltr'>ad</span> <span class='ocrx_word' id='word_1_284' title='bbox 1548 4680 1812 4743; x_wconf 88' lang='lat' dir='ltr'>satisfa-</span> 
     </span>
     <span class='ocr_line' id='line_1_48' title="bbox 167 4769 1814 4853; baseline 0.003 -22"><span class='ocrx_word' id='word_1_285' title='bbox 167 4772 480 4833; x_wconf 88' lang='lat' dir='ltr'>ctionem</span> <span class='ocrx_word' id='word_1_286' title='bbox 551 4770 642 4832; x_wconf 89' lang='lat' dir='ltr'>de</span> <span class='ocrx_word' id='word_1_287' title='bbox 709 4769 1128 4850; x_wconf 88' lang='lat' dir='ltr'>quibusdam</span> <span class='ocrx_word' id='word_1_288' title='bbox 1175 4770 1380 4834; x_wconf 82' lang='lat' dir='ltr'>baliis</span> <span class='ocrx_word' id='word_1_289' title='bbox 1425 4792 1814 4853; x_wconf 89' lang='lat' dir='ltr'>pannorum</span> 
     </span>
     <span class='ocr_line' id='line_1_49' title="bbox 169 4862 1813 4946; baseline 0.003 -21"><span class='ocrx_word' id='word_1_290' title='bbox 169 4862 806 4927; x_wconf 87' lang='lat' dir='ltr'>mediolanensium</span> <span class='ocrx_word' id='word_1_291' title='bbox 854 4874 924 4926; x_wconf 91' lang='lat' dir='ltr'>et</span> <span class='ocrx_word' id='word_1_292' title='bbox 968 4863 1531 4946; x_wconf 85' lang='lat' dir='ltr'>francigenorum</span> <span class='ocrx_word' id='word_1_293' title='bbox 1568 4865 1670 4929; x_wconf 91' lang='lat' dir='ltr'>eis</span> <span class='ocrx_word' id='word_1_294' title='bbox 1700 4869 1813 4930; x_wconf 89' lang='lat' dir='ltr'>de-</span> 
     </span>
     <span class='ocr_line' id='line_1_50' title="bbox 167 4956 1816 5040; baseline 0.002 -22"><span class='ocrx_word' id='word_1_295' title='bbox 167 4957 438 5020; x_wconf 90' lang='lat' dir='ltr'>robatis</span> <span class='ocrx_word' id='word_1_296' title='bbox 487 4956 560 5018; x_wconf 92' lang='lat' dir='ltr'>in</span> <span class='ocrx_word' id='word_1_297' title='bbox 602 4958 762 5019; x_wconf 91' lang='lat' dir='ltr'>loco</span> <span class='ocrx_word' id='word_1_298' title='bbox 806 4957 1048 5020; x_wconf 87' lang='lat' dir='ltr'>Bozoli</span> <span class='ocrx_word' id='word_1_299' title='bbox 1108 4976 1230 5020; x_wconf 93' lang='lat' dir='ltr'>seu</span> <span class='ocrx_word' id='word_1_300' title='bbox 1289 4958 1632 5022; x_wconf 88' lang='lat' dir='ltr'>Ierundae</span> <span class='ocrx_word' id='word_1_301' title='bbox 1689 4978 1816 5040; x_wconf 90' lang='lat' dir='ltr'>per</span> 
     </span>
     <span class='ocr_line' id='line_1_51' title="bbox 165 5049 955 5113; baseline 0 0"><span class='ocrx_word' id='word_1_302' title='bbox 165 5053 492 5113; x_wconf 88' lang='lat' dir='ltr'>homines</span> <span class='ocrx_word' id='word_1_303' title='bbox 541 5049 955 5113; x_wconf 87' lang='lat' dir='ltr'>Cremonae.</span> 
     </span>
    </p>
   </div>
   <div class='ocr_carea' id='block_1_23' title="bbox 165 5238 1400 5318">
    <p class='ocr_par' dir='ltr' id='par_1_23' title="bbox 165 5238 1400 5318">
     <span class='ocr_line' id='line_1_52' title="bbox 165 5238 1400 5318; baseline 0.002 -17"><span class='ocrx_word' id='word_1_304' title='bbox 165 5258 298 5318; x_wconf 84' lang='lat'><strong>233.</strong></span> <span class='ocrx_word' id='word_1_305' title='bbox 348 5278 430 5285; x_wconf 88' lang='lat'><em>-</em></span> <span class='ocrx_word' id='word_1_306' title='bbox 490 5256 674 5317; x_wconf 82' lang='lat'>1325,</span> <span class='ocrx_word' id='word_1_307' title='bbox 722 5241 844 5300; x_wconf 85' lang='lat' dir='ltr'>oct.</span> <span class='ocrx_word' id='word_1_308' title='bbox 898 5256 997 5317; x_wconf 83' lang='lat'>25,</span> <span class='ocrx_word' id='word_1_309' title='bbox 1076 5238 1400 5303; x_wconf 78' lang='lat' dir='ltr'>Veronae.</span> 
     </span>
    </p>
   </div>
   <div class='ocr_carea' id='block_1_24' title="bbox 171 5373 1812 5553">
    <p class='ocr_par' dir='ltr' id='par_1_24' title="bbox 171 5373 1812 5553">
     <span class='ocr_line' id='line_1_53' title="bbox 251 5373 1812 5456; baseline 0.003 -19"><span class='ocrx_word' id='word_1_310' title='bbox 251 5373 624 5438; x_wconf 78' lang='lat' dir='ltr'>Sententia</span> <span class='ocrx_word' id='word_1_311' title='bbox 681 5382 924 5436; x_wconf 89' lang='lat' dir='ltr'>contra</span> <span class='ocrx_word' id='word_1_312' title='bbox 983 5374 1486 5438; x_wconf 83' lang='lat' dir='ltr'>Cremonenses</span> <span class='ocrx_word' id='word_1_313' title='bbox 1551 5377 1620 5439; x_wconf 87' lang='lat' dir='ltr'>in</span> <span class='ocrx_word' id='word_1_314' title='bbox 1691 5384 1812 5456; x_wconf 82' lang='lat'>318</span> 
     </span>
     <span class='ocr_line' id='line_1_54' title="bbox 171 5467 1812 5553; baseline 0.003 -23"><span class='ocrx_word' id='word_1_315' title='bbox 171 5470 322 5531; x_wconf 86' lang='lat' dir='ltr'>libr.</span> <span class='ocrx_word' id='word_1_316' title='bbox 369 5470 542 5549; x_wconf 90' lang='lat' dir='ltr'>imp.</span> <span class='ocrx_word' id='word_1_317' title='bbox 590 5478 660 5529; x_wconf 92' lang='lat' dir='ltr'>et</span> <span class='ocrx_word' id='word_1_318' title='bbox 707 5467 1064 5548; x_wconf 82' lang='lat' dir='ltr'>expensiS,</span> <span class='ocrx_word' id='word_1_319' title='bbox 1103 5470 1550 5535; x_wconf 90' lang='lat' dir='ltr'>concedendo</span> <span class='ocrx_word' id='word_1_320' title='bbox 1581 5490 1812 5553; x_wconf 89' lang='lat' dir='ltr'>repre-</span> 
     </span>
    </p>
   </div>
   <div class='ocr_carea' id='block_1_25' title="bbox 331 5602 1276 5655">
    <p class='ocr_par' dir='ltr' id='par_1_25' title="bbox 331 5602 1276 5655">
     <span class='ocr_line' id='line_1_55' title="bbox 331 5602 1276 5655; baseline 0.001 -11"><span class='ocrx_word' id='word_1_321' title='bbox 331 5614 355 5653; x_wconf 87' lang='lat'>7</span> <span class='ocrx_word' id='word_1_322' title='bbox 411 5602 535 5644; x_wconf 70' lang='lat' dir='ltr'>Bm.</span> <span class='ocrx_word' id='word_1_323' title='bbox 564 5602 692 5645; x_wconf 79' lang='lat' dir='ltr'>Stor.</span> <span class='ocrx_word' id='word_1_324' title='bbox 721 5602 789 5645; x_wconf 83' lang='lat' dir='ltr'>Vl</span> <span class='ocrx_word' id='word_1_325' title='bbox 819 5602 898 5653; x_wconf 81' lang='grc' dir='ltr'><strong>(Η.</strong></span> <span class='ocrx_word' id='word_1_326' title='bbox 932 5602 982 5645; x_wconf 85' lang='grc' dir='ltr'><strong>Ρ.</strong></span> <span class='ocrx_word' id='word_1_327' title='bbox 1014 5602 1080 5643; x_wconf 84' lang='grc' dir='ltr'><strong>Μ.</strong></span> <span class='ocrx_word' id='word_1_328' title='bbox 1113 5603 1172 5644; x_wconf 91' lang='lat'><strong>11.</strong></span> <span class='ocrx_word' id='word_1_329' title='bbox 1205 5603 1276 5655; x_wconf 85' lang='lat'><strong>1.).</strong></span> 
     </span>
    </p>
   </div>
   <div class='ocr_carea' id='block_1_26' title="bbox 1941 737 3622 1288">
    <p class='ocr_par' dir='ltr' id='par_1_26' title="bbox 1941 737 3622 1288">
     <span class='ocr_line' id='line_1_56' title="bbox 1941 737 3575 822; baseline 0.001 -21"><span class='ocrx_word' id='word_1_330' title='bbox 1941 741 2076 802; x_wconf 92' lang='lat' dir='ltr'>bus</span> <span class='ocrx_word' id='word_1_331' title='bbox 2120 737 2419 801; x_wconf 89' lang='lat' dir='ltr'>navibus</span> <span class='ocrx_word' id='word_1_332' title='bbox 2463 737 2759 819; x_wconf 89' lang='lat' dir='ltr'>aliisque</span> <span class='ocrx_word' id='word_1_333' title='bbox 2803 739 3013 801; x_wconf 89' lang='lat' dir='ltr'>rebus</span> <span class='ocrx_word' id='word_1_334' title='bbox 3058 738 3123 801; x_wconf 89' lang='lat' dir='ltr'>ei</span> <span class='ocrx_word' id='word_1_335' title='bbox 3151 738 3404 803; x_wconf 89' lang='lat' dir='ltr'>ablatis</span> <span class='ocrx_word' id='word_1_336' title='bbox 3447 760 3575 822; x_wconf 88' lang='lat' dir='ltr'>per</span> 
     </span>
     <span class='ocr_line' id='line_1_57' title="bbox 1943 830 3567 914; baseline -0.001 -19"><span class='ocrx_word' id='word_1_337' title='bbox 1943 833 2313 895; x_wconf 90' lang='lat' dir='ltr'>Bocazium</span> <span class='ocrx_word' id='word_1_338' title='bbox 2362 831 2684 893; x_wconf 88' lang='lat' dir='ltr'>comitem</span> <span class='ocrx_word' id='word_1_339' title='bbox 2732 830 2819 893; x_wconf 93' lang='lat' dir='ltr'>de</span> <span class='ocrx_word' id='word_1_340' title='bbox 2854 832 3334 914; x_wconf 82' lang='lat' dir='ltr'>GangalandO,</span> <span class='ocrx_word' id='word_1_341' title='bbox 3382 833 3567 914; x_wconf 90' lang='lat' dir='ltr'>capi-</span> 
     </span>
     <span class='ocr_line' id='line_1_58' title="bbox 1942 923 3567 1009; baseline -0.002 -18"><span class='ocrx_word' id='word_1_342' title='bbox 1942 938 2223 991; x_wconf 90' lang='lat' dir='ltr'>taneum</span> <span class='ocrx_word' id='word_1_343' title='bbox 2268 944 2564 1009; x_wconf 84' lang='lat' dir='ltr'>guerrae</span> <span class='ocrx_word' id='word_1_344' title='bbox 2616 923 3207 1001; x_wconf 88' lang='lat' dir='ltr'>Cremonensium,</span> <span class='ocrx_word' id='word_1_345' title='bbox 3253 925 3567 1009; x_wconf 86' lang='lat' dir='ltr'>Uginum</span> 
     </span>
     <span class='ocr_line' id='line_1_59' title="bbox 1944 1018 3622 1092; baseline -0.002 -8"><span class='ocrx_word' id='word_1_346' title='bbox 1944 1021 2031 1084; x_wconf 94' lang='lat' dir='ltr'>de</span> <span class='ocrx_word' id='word_1_347' title='bbox 2077 1018 2357 1083; x_wconf 89' lang='lat' dir='ltr'>Amatis</span> <span class='ocrx_word' id='word_1_348' title='bbox 2402 1029 2472 1082; x_wconf 92' lang='lat' dir='ltr'>et</span> <span class='ocrx_word' id='word_1_349' title='bbox 2507 1018 2684 1082; x_wconf 88' lang='lat' dir='ltr'>alios</span> <span class='ocrx_word' id='word_1_350' title='bbox 2714 1019 3077 1082; x_wconf 90' lang='lat' dir='ltr'>robatores</span> <span class='ocrx_word' id='word_1_351' title='bbox 3113 1018 3185 1082; x_wconf 89' lang='lat' dir='ltr'>in</span> <span class='ocrx_word' id='word_1_352' title='bbox 3220 1019 3570 1082; x_wconf 90' lang='lat' dir='ltr'>territorio</span> <span class='ocrx_word' id='word_1_353' title='bbox 3618 1089 3622 1092; x_wconf 53' lang='grc'><strong>,</strong></span> 
     </span>
     <span class='ocr_line' id='line_1_60' title="bbox 1941 1112 3569 1195; baseline -0.001 -17"><span class='ocrx_word' id='word_1_354' title='bbox 1941 1113 2239 1185; x_wconf 84' lang='lat' dir='ltr'>Ustiani,</span> <span class='ocrx_word' id='word_1_355' title='bbox 2304 1113 2753 1195; x_wconf 89' lang='lat' dir='ltr'>episcopatus</span> <span class='ocrx_word' id='word_1_356' title='bbox 2812 1112 3115 1186; x_wconf 84' lang='lat' dir='ltr'>Brixiae,</span> <span class='ocrx_word' id='word_1_357' title='bbox 3166 1113 3307 1175; x_wconf 90' lang='lat' dir='ltr'>lata</span> <span class='ocrx_word' id='word_1_358' title='bbox 3352 1134 3393 1175; x_wconf 91' lang='lat' dir='ltr'>a</span> <span class='ocrx_word' id='word_1_359' title='bbox 3436 1112 3569 1176; x_wconf 91' lang='lat' dir='ltr'>Bo-</span> 
     </span>
     <span class='ocr_line' id='line_1_61' title="bbox 1943 1206 3566 1288; baseline -0.002 -17"><span class='ocrx_word' id='word_1_360' title='bbox 1943 1217 2332 1271; x_wconf 89' lang='lat' dir='ltr'>naventura</span> <span class='ocrx_word' id='word_1_361' title='bbox 2376 1208 2465 1270; x_wconf 91' lang='lat' dir='ltr'>de</span> <span class='ocrx_word' id='word_1_362' title='bbox 2490 1206 2755 1269; x_wconf 88' lang='lat' dir='ltr'>Praelis</span> <span class='ocrx_word' id='word_1_363' title='bbox 2787 1206 3153 1288; x_wconf 89' lang='lat' dir='ltr'>capitaneo</span> <span class='ocrx_word' id='word_1_364' title='bbox 3196 1207 3417 1288; x_wconf 88' lang='lat' dir='ltr'>partis</span> <span class='ocrx_word' id='word_1_365' title='bbox 3449 1206 3566 1269; x_wconf 93' lang='lat' dir='ltr'>im-</span> 
     </span>
    </p>
   </div>
   <div class='ocr_carea' id='block_1_27' title="bbox 1941 1299 3567 1451">
    <p class='ocr_par' dir='ltr' id='par_1_27' title="bbox 1941 1299 3567 1451">
     <span class='ocr_line' id='line_1_62' title="bbox 1941 1299 3567 1385; baseline -0.001 -20"><span class='ocrx_word' id='word_1_366' title='bbox 1941 1301 2119 1385; x_wconf 91' lang='lat' dir='ltr'>perii</span> <span class='ocrx_word' id='word_1_367' title='bbox 2164 1299 2447 1364; x_wconf 89' lang='lat' dir='ltr'>Brixiae</span> <span class='ocrx_word' id='word_1_368' title='bbox 2484 1300 2919 1365; x_wconf 83' lang='lat' dir='ltr'>extrinsecae</span> <span class='ocrx_word' id='word_1_369' title='bbox 2949 1320 3079 1382; x_wconf 90' lang='lat' dir='ltr'>pro</span> <span class='ocrx_word' id='word_1_370' title='bbox 3108 1299 3567 1383; x_wconf 85' lang='lat' dir='ltr'>Canegrandc</span> 
     </span>
     <span class='ocr_line' id='line_1_63' title="bbox 1943 1386 2411 1451; baseline 0 0"><span class='ocrx_word' id='word_1_371' title='bbox 1943 1388 2031 1451; x_wconf 90' lang='lat' dir='ltr'>de</span> <span class='ocrx_word' id='word_1_372' title='bbox 2076 1388 2145 1451; x_wconf 91' lang='grc'>13</span> <span class='ocrx_word' id='word_1_373' title='bbox 2187 1386 2411 1451; x_wconf 90' lang='lat' dir='ltr'>Scala.</span> 
     </span>
    </p>
   </div>
   <div class='ocr_carea' id='block_1_28' title="bbox 1941 1572 3567 1733">
    <p class='ocr_par' dir='ltr' id='par_1_28' title="bbox 1941 1572 3567 1733">
     <span class='ocr_line' id='line_1_64' title="bbox 1941 1572 3567 1657; baseline -0.004 -16"><span class='ocrx_word' id='word_1_374' title='bbox 1941 1594 2075 1655; x_wconf 82' lang='lat'><strong>234.</strong></span> <span class='ocrx_word' id='word_1_375' title='bbox 2120 1612 2203 1621; x_wconf 89' lang='lat'>——</span> <span class='ocrx_word' id='word_1_376' title='bbox 2260 1578 2439 1653; x_wconf 88' lang='grc'><strong>1326,</strong></span> <span class='ocrx_word' id='word_1_377' title='bbox 2483 1572 2605 1639; x_wconf 81' lang='lat' dir='ltr'>iul.</span> <span class='ocrx_word' id='word_1_378' title='bbox 2671 1596 2723 1649; x_wconf 89' lang='lat'>1,</span> <span class='ocrx_word' id='word_1_379' title='bbox 2768 1573 2901 1648; x_wconf 88' lang='lat' dir='ltr'>IX,</span> <span class='ocrx_word' id='word_1_380' title='bbox 2994 1573 3297 1639; x_wconf 77' lang='lat' dir='ltr'>Veronae</span> <span class='ocrx_word' id='word_1_381' title='bbox 3357 1578 3567 1657; x_wconf 82' lang='lat' dir='ltr'>super</span> 
     </span>
     <span class='ocr_line' id='line_1_65' title="bbox 2022 1666 3147 1733; baseline -0.002 0"><span class='ocrx_word' id='word_1_382' title='bbox 2022 1668 2175 1733; x_wconf 86' lang='lat' dir='ltr'>sala</span> <span class='ocrx_word' id='word_1_383' title='bbox 2216 1667 2455 1733; x_wconf 83' lang='lat' dir='ltr'>domus</span> <span class='ocrx_word' id='word_1_384' title='bbox 2500 1688 2713 1733; x_wconf 86' lang='lat' dir='ltr'>novae</span> <span class='ocrx_word' id='word_1_385' title='bbox 2754 1666 3147 1733; x_wconf 81' lang='lat' dir='ltr'>communis.</span> 
     </span>
    </p>
   </div>
   <div class='ocr_carea' id='block_1_29' title="bbox 1935 1804 3565 2452">
    <p class='ocr_par' dir='ltr' id='par_1_29' title="bbox 1935 1804 3565 2452">
     <span class='ocr_line' id='line_1_66' title="bbox 2021 1804 3562 1889; baseline -0.002 -19"><span class='ocrx_word' id='word_1_386' title='bbox 2021 1805 2375 1889; x_wconf 85' lang='lat' dir='ltr'>Ugolinus</span> <span class='ocrx_word' id='word_1_387' title='bbox 2419 1806 2507 1869; x_wconf 89' lang='lat' dir='ltr'>de</span> <span class='ocrx_word' id='word_1_388' title='bbox 2552 1804 2784 1879; x_wconf 88' lang='lat' dir='ltr'>Sess0,</span> <span class='ocrx_word' id='word_1_389' title='bbox 2842 1814 3153 1887; x_wconf 88' lang='lat' dir='ltr'>potestas</span> <span class='ocrx_word' id='word_1_390' title='bbox 3219 1805 3562 1877; x_wconf 88' lang='lat' dir='ltr'>Veronae,</span> 
     </span>
     <span class='ocr_line' id='line_1_67' title="bbox 1939 1898 3563 1982; baseline -0.001 -19"><span class='ocrx_word' id='word_1_391' title='bbox 1939 1898 2233 1982; x_wconf 90' lang='lat' dir='ltr'>imponit</span> <span class='ocrx_word' id='word_1_392' title='bbox 2276 1899 2549 1963; x_wconf 86' lang='lat' dir='ltr'>notario</span> <span class='ocrx_word' id='word_1_393' title='bbox 2594 1899 2786 1981; x_wconf 90' lang='lat' dir='ltr'>quod</span> <span class='ocrx_word' id='word_1_394' title='bbox 2830 1898 3089 1962; x_wconf 86' lang='lat' dir='ltr'>scribat</span> <span class='ocrx_word' id='word_1_395' title='bbox 3134 1918 3345 1979; x_wconf 89' lang='lat' dir='ltr'>supra</span> <span class='ocrx_word' id='word_1_396' title='bbox 3384 1898 3563 1961; x_wconf 88' lang='lat' dir='ltr'>libro</span> 
     </span>
     <span class='ocr_line' id='line_1_68' title="bbox 1938 1990 3564 2076; baseline -0.001 -19"><span class='ocrx_word' id='word_1_397' title='bbox 1938 1995 2472 2057; x_wconf 87' lang='lat' dir='ltr'>ambaxatorum</span> <span class='ocrx_word' id='word_1_398' title='bbox 2539 1994 2727 2076; x_wconf 92' lang='lat' dir='ltr'>quod</span> <span class='ocrx_word' id='word_1_399' title='bbox 2785 1990 2994 2056; x_wconf 89' lang='lat' dir='ltr'>Canis</span> <span class='ocrx_word' id='word_1_400' title='bbox 3038 1992 3325 2074; x_wconf 86' lang='lat' dir='ltr'>grandis</span> <span class='ocrx_word' id='word_1_401' title='bbox 3367 1992 3455 2055; x_wconf 92' lang='lat' dir='ltr'>de</span> <span class='ocrx_word' id='word_1_402' title='bbox 3498 1994 3564 2055; x_wconf 86' lang='grc'>13</span> 
     </span>
     <span class='ocr_line' id='line_1_69' title="bbox 1937 2086 3558 2151; baseline -0.002 0"><span class='ocrx_word' id='word_1_403' title='bbox 1937 2088 2141 2151; x_wconf 87' lang='lat' dir='ltr'>Scala</span> <span class='ocrx_word' id='word_1_404' title='bbox 2184 2086 2489 2151; x_wconf 89' lang='lat' dir='ltr'>vicarius</span> <span class='ocrx_word' id='word_1_405' title='bbox 2555 2086 2618 2149; x_wconf 89' lang='lat' dir='ltr'>ei</span> <span class='ocrx_word' id='word_1_406' title='bbox 2664 2086 2949 2149; x_wconf 90' lang='lat' dir='ltr'>miserat</span> <span class='ocrx_word' id='word_1_407' title='bbox 2992 2086 3436 2149; x_wconf 88' lang='lat' dir='ltr'>ambaxatam</span> <span class='ocrx_word' id='word_1_408' title='bbox 3482 2096 3558 2148; x_wconf 88' lang='lat' dir='ltr'>ut</span> 
     </span>
     <span class='ocr_line' id='line_1_70' title="bbox 1937 2178 3561 2245; baseline -0.003 0"><span class='ocrx_word' id='word_1_409' title='bbox 1937 2183 2275 2245; x_wconf 89' lang='lat' dir='ltr'>concedat</span> <span class='ocrx_word' id='word_1_410' title='bbox 2318 2180 2586 2245; x_wconf 89' lang='lat' dir='ltr'>Clerico</span> <span class='ocrx_word' id='word_1_411' title='bbox 2634 2180 2721 2243; x_wconf 91' lang='lat' dir='ltr'>de</span> <span class='ocrx_word' id='word_1_412' title='bbox 2765 2180 3117 2244; x_wconf 89' lang='lat' dir='ltr'>Montanis</span> <span class='ocrx_word' id='word_1_413' title='bbox 3164 2180 3251 2242; x_wconf 88' lang='lat' dir='ltr'>de</span> <span class='ocrx_word' id='word_1_414' title='bbox 3281 2178 3561 2243; x_wconf 88' lang='lat' dir='ltr'>Canedo</span> 
     </span>
     <span class='ocr_line' id='line_1_71' title="bbox 1935 2272 3565 2359; baseline -0.002 -20"><span class='ocrx_word' id='word_1_415' title='bbox 1935 2276 2353 2359; x_wconf 88' lang='lat' dir='ltr'>represalias</span> <span class='ocrx_word' id='word_1_416' title='bbox 2385 2284 2629 2339; x_wconf 87' lang='lat' dir='ltr'>contra</span> <span class='ocrx_word' id='word_1_417' title='bbox 2656 2290 2904 2337; x_wconf 88' lang='lat' dir='ltr'>comm.</span> <span class='ocrx_word' id='word_1_418' title='bbox 2951 2284 3022 2337; x_wconf 89' lang='lat' dir='ltr'>et</span> <span class='ocrx_word' id='word_1_419' title='bbox 3064 2272 3383 2337; x_wconf 89' lang='lat' dir='ltr'>homines</span> <span class='ocrx_word' id='word_1_420' title='bbox 3412 2274 3565 2338; x_wconf 91' lang='lat' dir='ltr'>Cre-</span> 
     </span>
     <span class='ocr_line' id='line_1_72' title="bbox 1935 2366 3561 2452; baseline -0.002 -19"><span class='ocrx_word' id='word_1_421' title='bbox 1935 2388 2187 2435; x_wconf 88' lang='lat' dir='ltr'>monae</span> <span class='ocrx_word' id='word_1_422' title='bbox 2228 2390 2359 2452; x_wconf 91' lang='lat' dir='ltr'>pro</span> <span class='ocrx_word' id='word_1_423' title='bbox 2407 2373 2528 2447; x_wconf 89' lang='grc'>318</span> <span class='ocrx_word' id='word_1_424' title='bbox 2572 2366 2771 2431; x_wconf 91' lang='lat' dir='ltr'>libris</span> <span class='ocrx_word' id='word_1_425' title='bbox 2814 2367 2979 2449; x_wconf 91' lang='lat' dir='ltr'>imp.</span> <span class='ocrx_word' id='word_1_426' title='bbox 3013 2378 3084 2431; x_wconf 86' lang='lat' dir='ltr'>et</span> <span class='ocrx_word' id='word_1_427' title='bbox 3114 2367 3437 2431; x_wconf 91' lang='lat' dir='ltr'>concedit</span> <span class='ocrx_word' id='word_1_428' title='bbox 3465 2368 3561 2430; x_wconf 92' lang='lat' dir='ltr'>di-</span> 
     </span>
    </p>
   </div>
   <div class='ocr_carea' id='block_1_30' title="bbox 1935 2462 2569 2546">
    <p class='ocr_par' dir='ltr' id='par_1_30' title="bbox 1935 2462 2569 2546">
     <span class='ocr_line' id='line_1_73' title="bbox 1935 2462 2569 2546; baseline -0.006 -17"><span class='ocrx_word' id='word_1_429' title='bbox 1935 2472 2087 2529; x_wconf 88' lang='lat' dir='ltr'>ctas</span> <span class='ocrx_word' id='word_1_430' title='bbox 2132 2462 2569 2546; x_wconf 79' lang='lat' dir='ltr'>represalias·</span> 
     </span>
    </p>
   </div>
   <div class='ocr_carea' id='block_1_31' title="bbox 1934 2648 3465 2737">
    <p class='ocr_par' dir='ltr' id='par_1_31' title="bbox 1934 2648 3465 2737">
     <span class='ocr_line' id='line_1_74' title="bbox 1934 2648 3465 2737; baseline -0.005 -16"><span class='ocrx_word' id='word_1_431' title='bbox 1934 2672 2067 2735; x_wconf 80' lang='grc'><strong>235.</strong></span> <span class='ocrx_word' id='word_1_432' title='bbox 2116 2688 2199 2699; x_wconf 92' lang='grc'><strong>-</strong></span> <span class='ocrx_word' id='word_1_433' title='bbox 2251 2657 2429 2731; x_wconf 90' lang='grc'><strong>1326,</strong></span> <span class='ocrx_word' id='word_1_434' title='bbox 2474 2672 2633 2737; x_wconf 77' lang='lat' dir='ltr'>aug.</span> <span class='ocrx_word' id='word_1_435' title='bbox 2685 2670 2783 2729; x_wconf 90' lang='grc'>23,</span> <span class='ocrx_word' id='word_1_436' title='bbox 2829 2649 2961 2723; x_wconf 84' lang='grc' dir='ltr'>ΙΧ,</span> <span class='ocrx_word' id='word_1_437' title='bbox 3006 2648 3070 2713; x_wconf 84' lang='lat' dir='ltr'><strong>d.</strong></span> <span class='ocrx_word' id='word_1_438' title='bbox 3142 2650 3465 2713; x_wconf 77' lang='lat' dir='ltr'>Veronae.</span> 
     </span>
    </p>
   </div>
   <div class='ocr_carea' id='block_1_32' title="bbox 1927 2786 3559 3419">
    <p class='ocr_par' dir='ltr' id='par_1_32' title="bbox 1927 2786 3559 3419">
     <span class='ocr_line' id='line_1_75' title="bbox 2019 2786 3559 2873; baseline -0.005 -19"><span class='ocrx_word' id='word_1_439' title='bbox 2019 2788 2229 2854; x_wconf 88' lang='lat' dir='ltr'>Canis</span> <span class='ocrx_word' id='word_1_440' title='bbox 2276 2788 2567 2873; x_wconf 85' lang='lat' dir='ltr'>grandis</span> <span class='ocrx_word' id='word_1_441' title='bbox 2611 2789 2698 2851; x_wconf 88' lang='lat' dir='ltr'>de</span> <span class='ocrx_word' id='word_1_442' title='bbox 2742 2786 2811 2849; x_wconf 89' lang='lat' dir='ltr'>la</span> <span class='ocrx_word' id='word_1_443' title='bbox 2855 2786 3081 2860; x_wconf 86' lang='lat' dir='ltr'>Scala,</span> <span class='ocrx_word' id='word_1_444' title='bbox 3126 2786 3290 2868; x_wconf 89' lang='lat' dir='ltr'>imp.</span> <span class='ocrx_word' id='word_1_445' title='bbox 3329 2794 3559 2850; x_wconf 87' lang='lat' dir='ltr'>aucto—</span> 
     </span>
     <span class='ocr_line' id='line_1_76' title="bbox 1932 2880 3557 2953; baseline -0.004 -5"><span class='ocrx_word' id='word_1_446' title='bbox 1932 2885 2135 2949; x_wconf 91' lang='lat' dir='ltr'>ritate</span> <span class='ocrx_word' id='word_1_447' title='bbox 2180 2884 2483 2948; x_wconf 88' lang='lat' dir='ltr'>vicarius</span> <span class='ocrx_word' id='word_1_448' title='bbox 2527 2883 2851 2945; x_wconf 85' lang='lat' dir='ltr'>Veronae</span> <span class='ocrx_word' id='word_1_449' title='bbox 2878 2889 2948 2944; x_wconf 89' lang='lat' dir='ltr'>et</span> <span class='ocrx_word' id='word_1_450' title='bbox 2977 2880 3363 2953; x_wconf 88' lang='lat' dir='ltr'>Vicentiae,</span> <span class='ocrx_word' id='word_1_451' title='bbox 3388 2900 3557 2943; x_wconf 90' lang='lat' dir='ltr'>nun-</span> 
     </span>
     <span class='ocr_line' id='line_1_77' title="bbox 1933 2972 3556 3061; baseline -0.004 -19"><span class='ocrx_word' id='word_1_452' title='bbox 1933 2979 2070 3043; x_wconf 88' lang='lat' dir='ltr'>ciat</span> <span class='ocrx_word' id='word_1_453' title='bbox 2113 2977 2495 3061; x_wconf 87' lang='lat' dir='ltr'>capitaneis</span> <span class='ocrx_word' id='word_1_454' title='bbox 2532 2973 2811 3040; x_wconf 87' lang='lat' dir='ltr'>vicariis</span> <span class='ocrx_word' id='word_1_455' title='bbox 2848 2972 3263 3041; x_wconf 87' lang='lat' dir='ltr'>officialibus</span> <span class='ocrx_word' id='word_1_456' title='bbox 3302 2973 3447 3036; x_wconf 91' lang='lat' dir='ltr'>suis</span> <span class='ocrx_word' id='word_1_457' title='bbox 3476 2994 3556 3036; x_wconf 91' lang='lat' dir='ltr'>ac</span> 
     </span>
     <span class='ocr_line' id='line_1_78' title="bbox 1931 3066 3554 3153; baseline -0.004 -17"><span class='ocrx_word' id='word_1_458' title='bbox 1931 3072 2333 3137; x_wconf 90' lang='lat' dir='ltr'>consulibus</span> <span class='ocrx_word' id='word_1_459' title='bbox 2381 3070 2571 3153; x_wconf 92' lang='lat' dir='ltr'>quod</span> <span class='ocrx_word' id='word_1_460' title='bbox 2616 3066 2961 3133; x_wconf 91' lang='lat' dir='ltr'>concessit</span> <span class='ocrx_word' id='word_1_461' title='bbox 3015 3068 3367 3131; x_wconf 89' lang='lat' dir='ltr'>licentiam</span> <span class='ocrx_word' id='word_1_462' title='bbox 3409 3066 3554 3129; x_wconf 92' lang='lat' dir='ltr'>Cle-</span> 
     </span>
     <span class='ocr_line' id='line_1_79' title="bbox 1929 3161 3557 3244; baseline -0.004 -15"><span class='ocrx_word' id='word_1_463' title='bbox 1929 3166 2075 3229; x_wconf 91' lang='lat' dir='ltr'>rico</span> <span class='ocrx_word' id='word_1_464' title='bbox 2122 3168 2208 3229; x_wconf 91' lang='lat' dir='ltr'>de</span> <span class='ocrx_word' id='word_1_465' title='bbox 2239 3165 2518 3231; x_wconf 89' lang='lat' dir='ltr'>Canedo</span> <span class='ocrx_word' id='word_1_466' title='bbox 2548 3161 2832 3227; x_wconf 88' lang='lat' dir='ltr'>habenti</span> <span class='ocrx_word' id='word_1_467' title='bbox 2876 3161 3289 3244; x_wconf 87' lang='lat' dir='ltr'>represalias</span> <span class='ocrx_word' id='word_1_468' title='bbox 3316 3170 3557 3223; x_wconf 88' lang='lat' dir='ltr'>contra</span> 
     </span>
     <span class='ocr_line' id='line_1_80' title="bbox 1928 3256 3551 3340; baseline -0.004 -16"><span class='ocrx_word' id='word_1_469' title='bbox 1928 3262 2450 3332; x_wconf 88' lang='lat' dir='ltr'>Cremonenses,</span> <span class='ocrx_word' id='word_1_470' title='bbox 2496 3256 2819 3340; x_wconf 90' lang='lat' dir='ltr'>capiendi</span> <span class='ocrx_word' id='word_1_471' title='bbox 2850 3276 2973 3319; x_wconf 91' lang='lat' dir='ltr'>eos</span> <span class='ocrx_word' id='word_1_472' title='bbox 3002 3266 3073 3319; x_wconf 90' lang='lat' dir='ltr'>et</span> <span class='ocrx_word' id='word_1_473' title='bbox 3100 3257 3285 3319; x_wconf 89' lang='lat' dir='ltr'>bona</span> <span class='ocrx_word' id='word_1_474' title='bbox 3314 3274 3551 3319; x_wconf 90' lang='lat' dir='ltr'>eorum</span> 
     </span>
     <span class='ocr_line' id='line_1_81' title="bbox 1927 3352 3275 3419; baseline -0.004 0"><span class='ocrx_word' id='word_1_475' title='bbox 1927 3365 1998 3419; x_wconf 91' lang='lat' dir='ltr'>et</span> <span class='ocrx_word' id='word_1_476' title='bbox 2043 3353 2399 3417; x_wconf 90' lang='lat' dir='ltr'>detinendi</span> <span class='ocrx_word' id='word_1_477' title='bbox 2444 3354 2535 3417; x_wconf 91' lang='lat' dir='ltr'>ad</span> <span class='ocrx_word' id='word_1_478' title='bbox 2578 3372 2775 3416; x_wconf 91' lang='lat' dir='ltr'>suam</span> <span class='ocrx_word' id='word_1_479' title='bbox 2822 3352 3275 3415; x_wconf 88' lang='lat' dir='ltr'>voluntatem.</span> 
     </span>
    </p>
   </div>
   <div class='ocr_carea' id='block_1_33' title="bbox 1923 3538 3551 3626">
    <p class='ocr_par' dir='ltr' id='par_1_33' title="bbox 1923 3538 3551 3626">
     <span class='ocr_line' id='line_1_82' title="bbox 1923 3538 3551 3626; baseline -0.004 -17"><span class='ocrx_word' id='word_1_480' title='bbox 1923 3549 2059 3623; x_wconf 86' lang='grc'><strong>236.</strong></span> <span class='ocrx_word' id='word_1_481' title='bbox 2092 3580 2173 3591; x_wconf 92' lang='grc'>--</span> <span class='ocrx_word' id='word_1_482' title='bbox 2212 3546 2391 3622; x_wconf 88' lang='grc'><strong>1326,</strong></span> <span class='ocrx_word' id='word_1_483' title='bbox 2422 3546 2543 3607; x_wconf 81' lang='lat' dir='ltr'>oct.</span> <span class='ocrx_word' id='word_1_484' title='bbox 2578 3548 2634 3617; x_wconf 88' lang='lat'>8,</span> <span class='ocrx_word' id='word_1_485' title='bbox 2666 3543 2799 3615; x_wconf 87' lang='lat' dir='ltr'>IX,</span> <span class='ocrx_word' id='word_1_486' title='bbox 2832 3540 2906 3605; x_wconf 86' lang='lat' dir='ltr'>in</span> <span class='ocrx_word' id='word_1_487' title='bbox 2927 3538 3194 3626; x_wconf 79' lang='lat' dir='ltr'>palacio</span> <span class='ocrx_word' id='word_1_488' title='bbox 3230 3542 3551 3607; x_wconf 84' lang='lat' dir='ltr'>Veronae.</span> 
     </span>
    </p>
   </div>
   <div class='ocr_carea' id='block_1_34' title="bbox 1918 3676 3551 4135">
    <p class='ocr_par' dir='ltr' id='par_1_34' title="bbox 1918 3676 3551 4135">
     <span class='ocr_line' id='line_1_83' title="bbox 2007 3676 3551 3763; baseline -0.001 -21"><span class='ocrx_word' id='word_1_489' title='bbox 2007 3679 2318 3763; x_wconf 82' lang='lat' dir='ltr'>Quainus</span> <span class='ocrx_word' id='word_1_490' title='bbox 2386 3680 2471 3741; x_wconf 91' lang='lat' dir='ltr'>de</span> <span class='ocrx_word' id='word_1_491' title='bbox 2537 3678 2928 3742; x_wconf 89' lang='lat' dir='ltr'>Sfondratis</span> <span class='ocrx_word' id='word_1_492' title='bbox 2994 3687 3067 3741; x_wconf 90' lang='lat' dir='ltr'>et</span> <span class='ocrx_word' id='word_1_493' title='bbox 3138 3676 3551 3741; x_wconf 87' lang='lat' dir='ltr'>Guilielmus</span> 
     </span>
     <span class='ocr_line' id='line_1_84' title="bbox 1921 3770 3547 3857; baseline -0.001 -20"><span class='ocrx_word' id='word_1_494' title='bbox 1921 3774 2043 3857; x_wconf 91' lang='lat' dir='ltr'>qui</span> <span class='ocrx_word' id='word_1_495' title='bbox 2089 3773 2343 3837; x_wconf 89' lang='lat' dir='ltr'>dicitur</span> <span class='ocrx_word' id='word_1_496' title='bbox 2371 3772 2759 3855; x_wconf 81' lang='lat' dir='ltr'>ZapelinuS,</span> <span class='ocrx_word' id='word_1_497' title='bbox 2794 3772 2913 3856; x_wconf 92' lang='lat' dir='ltr'>qui</span> <span class='ocrx_word' id='word_1_498' title='bbox 2950 3772 3371 3855; x_wconf 82' lang='lat' dir='ltr'>praesentati</span> <span class='ocrx_word' id='word_1_499' title='bbox 3406 3770 3547 3835; x_wconf 88' lang='lat' dir='ltr'>fue-</span> 
     </span>
     <span class='ocr_line' id='line_1_85' title="bbox 1921 3866 3551 3948; baseline -0.002 -19"><span class='ocrx_word' id='word_1_500' title='bbox 1921 3878 2083 3931; x_wconf 90' lang='lat' dir='ltr'>runt</span> <span class='ocrx_word' id='word_1_501' title='bbox 2126 3868 2214 3929; x_wconf 89' lang='lat' dir='ltr'>ad</span> <span class='ocrx_word' id='word_1_502' title='bbox 2259 3886 2573 3929; x_wconf 87' lang='lat' dir='ltr'>carceres</span> <span class='ocrx_word' id='word_1_503' title='bbox 2617 3866 2941 3930; x_wconf 86' lang='lat' dir='ltr'>Veronae</span> <span class='ocrx_word' id='word_1_504' title='bbox 2984 3888 3077 3929; x_wconf 89' lang='lat' dir='ltr'>ex</span> <span class='ocrx_word' id='word_1_505' title='bbox 3120 3875 3317 3948; x_wconf 89' lang='lat' dir='ltr'>parte</span> <span class='ocrx_word' id='word_1_506' title='bbox 3361 3876 3551 3947; x_wconf 88' lang='lat' dir='ltr'>pote-</span> 
     </span>
     <span class='ocr_line' id='line_1_86' title="bbox 1921 3958 3544 4042; baseline -0.001 -19"><span class='ocrx_word' id='word_1_507' title='bbox 1921 3960 2121 4023; x_wconf 89' lang='lat' dir='ltr'>statis</span> <span class='ocrx_word' id='word_1_508' title='bbox 2163 3961 2251 4023; x_wconf 89' lang='lat' dir='ltr'>ad</span> <span class='ocrx_word' id='word_1_509' title='bbox 2296 3959 2715 4042; x_wconf 89' lang='lat' dir='ltr'>peticionem</span> <span class='ocrx_word' id='word_1_510' title='bbox 2759 3960 3098 4040; x_wconf 88' lang='lat' dir='ltr'>praedicti</span> <span class='ocrx_word' id='word_1_511' title='bbox 3129 3958 3399 4031; x_wconf 89' lang='lat' dir='ltr'>Clerici,</span> <span class='ocrx_word' id='word_1_512' title='bbox 3445 3980 3544 4021; x_wconf 90' lang='lat' dir='ltr'>re-</span> 
     </span>
     <span class='ocr_line' id='line_1_87' title="bbox 1918 4052 3545 4135; baseline -0.002 -17"><span class='ocrx_word' id='word_1_513' title='bbox 1918 4056 2247 4118; x_wconf 88' lang='lat' dir='ltr'>laxantur</span> <span class='ocrx_word' id='word_1_514' title='bbox 2290 4052 2484 4117; x_wconf 89' lang='lat' dir='ltr'>iussu</span> <span class='ocrx_word' id='word_1_515' title='bbox 2539 4052 2908 4135; x_wconf 88' lang='lat' dir='ltr'>potestatis</span> <span class='ocrx_word' id='word_1_516' title='bbox 2953 4066 3021 4116; x_wconf 91' lang='lat' dir='ltr'>et</span> <span class='ocrx_word' id='word_1_517' title='bbox 3065 4052 3232 4117; x_wconf 90' lang='lat' dir='ltr'>dicti</span> <span class='ocrx_word' id='word_1_518' title='bbox 3276 4052 3545 4118; x_wconf 87' lang='lat' dir='ltr'>Clerici.</span> 
     </span>
    </p>
   </div>
   <div class='ocr_carea' id='block_1_35' title="bbox 1919 4257 3545 4437">
    <p class='ocr_par' dir='ltr' id='par_1_35' title="bbox 1919 4257 3545 4437">
     <span class='ocr_line' id='line_1_88' title="bbox 1919 4257 3545 4341; baseline -0.002 -16"><span class='ocrx_word' id='word_1_519' title='bbox 1919 4279 2052 4340; x_wconf 84' lang='lat'><strong>237.</strong></span> <span class='ocrx_word' id='word_1_520' title='bbox 2098 4296 2183 4307; x_wconf 90' lang='lat'>--</span> <span class='ocrx_word' id='word_1_521' title='bbox 2236 4262 2413 4339; x_wconf 89' lang='grc'><strong>1326,</strong></span> <span class='ocrx_word' id='word_1_522' title='bbox 2456 4260 2623 4341; x_wconf 83' lang='lat' dir='ltr'>sept.</span> <span class='ocrx_word' id='word_1_523' title='bbox 2691 4278 2785 4331; x_wconf 89' lang='lat'>10,</span> <span class='ocrx_word' id='word_1_524' title='bbox 2854 4258 2985 4332; x_wconf 89' lang='lat' dir='ltr'>IX,</span> <span class='ocrx_word' id='word_1_525' title='bbox 3063 4257 3429 4323; x_wconf 87' lang='lat' dir='ltr'>Cremonae</span> <span class='ocrx_word' id='word_1_526' title='bbox 3472 4258 3545 4321; x_wconf 80' lang='lat' dir='ltr'>in</span> 
     </span>
     <span class='ocr_line' id='line_1_89' title="bbox 2002 4350 3035 4437; baseline -0.003 -20"><span class='ocrx_word' id='word_1_527' title='bbox 2002 4352 2304 4417; x_wconf 82' lang='lat' dir='ltr'>domibus</span> <span class='ocrx_word' id='word_1_528' title='bbox 2337 4350 2717 4437; x_wconf 61' lang='lat' dir='ltr'>potestatzk.</span> <span class='ocrx_word' id='word_1_529' title='bbox 2763 4353 2857 4426; x_wconf 88' lang='lat' dir='ltr'>D,</span> <span class='ocrx_word' id='word_1_530' title='bbox 2898 4372 3035 4415; x_wconf 87' lang='lat'><strong>122.</strong></span> 
     </span>
    </p>
   </div>
   <div class='ocr_carea' id='block_1_36' title="bbox 1915 4486 3543 4760">
    <p class='ocr_par' dir='ltr' id='par_1_36' title="bbox 1915 4486 3543 4760">
     <span class='ocr_line' id='line_1_90' title="bbox 2003 4486 3543 4570; baseline -0.001 -16"><span class='ocrx_word' id='word_1_531' title='bbox 2003 4491 2407 4555; x_wconf 80' lang='lat' dir='ltr'>Simonotus</span> <span class='ocrx_word' id='word_1_532' title='bbox 2470 4489 2556 4551; x_wconf 90' lang='lat' dir='ltr'>de</span> <span class='ocrx_word' id='word_1_533' title='bbox 2602 4486 2949 4565; x_wconf 80' lang='lat' dir='ltr'>ScafesiiS,</span> <span class='ocrx_word' id='word_1_534' title='bbox 3016 4498 3329 4570; x_wconf 88' lang='lat' dir='ltr'>potestas</span> <span class='ocrx_word' id='word_1_535' title='bbox 3386 4489 3543 4553; x_wconf 92' lang='lat' dir='ltr'>Cre-</span> 
     </span>
     <span class='ocr_line' id='line_1_91' title="bbox 1917 4582 3541 4665; baseline -0.003 -15"><span class='ocrx_word' id='word_1_536' title='bbox 1917 4606 2185 4658; x_wconf 89' lang='lat' dir='ltr'>monae,</span> <span class='ocrx_word' id='word_1_537' title='bbox 2220 4582 2592 4647; x_wconf 86' lang='lat' dir='ltr'>confitetur</span> <span class='ocrx_word' id='word_1_538' title='bbox 2620 4582 2955 4645; x_wconf 90' lang='lat' dir='ltr'>massario</span> <span class='ocrx_word' id='word_1_539' title='bbox 2989 4602 3236 4645; x_wconf 89' lang='lat' dir='ltr'>comm.</span> <span class='ocrx_word' id='word_1_540' title='bbox 3282 4594 3352 4647; x_wconf 92' lang='lat' dir='ltr'>et</span> <span class='ocrx_word' id='word_1_541' title='bbox 3382 4586 3541 4665; x_wconf 85' lang='lat' dir='ltr'>gab.</span> 
     </span>
     <span class='ocr_line' id='line_1_92' title="bbox 1915 4673 3539 4760; baseline -0.004 -15"><span class='ocrx_word' id='word_1_542' title='bbox 1915 4702 1990 4745; x_wconf 92' lang='lat' dir='ltr'>se</span> <span class='ocrx_word' id='word_1_543' title='bbox 2038 4700 2192 4745; x_wconf 91' lang='lat' dir='ltr'>esse</span> <span class='ocrx_word' id='word_1_544' title='bbox 2228 4679 2501 4760; x_wconf 86' lang='lat' dir='ltr'>integre</span> <span class='ocrx_word' id='word_1_545' title='bbox 2532 4673 2963 4739; x_wconf 87' lang='lat' dir='ltr'>satisfactum</span> <span class='ocrx_word' id='word_1_546' title='bbox 2995 4677 3083 4739; x_wconf 93' lang='lat' dir='ltr'>de</span> <span class='ocrx_word' id='word_1_547' title='bbox 3114 4678 3363 4740; x_wconf 89' lang='lat' dir='ltr'>salario</span> <span class='ocrx_word' id='word_1_548' title='bbox 3393 4698 3539 4741; x_wconf 92' lang='lat' dir='ltr'>su0.</span> 
     </span>
    </p>
   </div>
   <div class='ocr_carea' id='block_1_37' title="bbox 1914 4866 3539 5043">
    <p class='ocr_par' dir='ltr' id='par_1_37' title="bbox 1914 4866 3539 5043">
     <span class='ocr_line' id='line_1_93' title="bbox 1914 4866 3539 4947; baseline -0.001 -15"><span class='ocrx_word' id='word_1_549' title='bbox 1914 4874 2049 4947; x_wconf 85' lang='grc'><strong>238.</strong></span> <span class='ocrx_word' id='word_1_550' title='bbox 2096 4905 2165 4914; x_wconf 93' lang='grc'>-</span> <span class='ocrx_word' id='word_1_551' title='bbox 2230 4886 2404 4947; x_wconf 83' lang='grc'><strong>1327,</strong></span> <span class='ocrx_word' id='word_1_552' title='bbox 2462 4866 2583 4930; x_wconf 83' lang='lat' dir='ltr'>iul.</span> <span class='ocrx_word' id='word_1_553' title='bbox 2634 4888 2667 4930; x_wconf 89' lang='lat'><em>2</em></span> <span class='ocrx_word' id='word_1_554' title='bbox 2691 4914 2705 4941; x_wconf 95' lang='lat'>,</span> <span class='ocrx_word' id='word_1_555' title='bbox 2754 4868 2859 4942; x_wconf 90' lang='grc' dir='ltr'>Χ,</span> <span class='ocrx_word' id='word_1_556' title='bbox 2914 4866 3312 4931; x_wconf 81' lang='lat' dir='ltr'>Mediolani.</span> <span class='ocrx_word' id='word_1_557' title='bbox 3374 4867 3539 4931; x_wconf 88' lang='lat' dir='ltr'>Dal-</span> 
     </span>
     <span class='ocr_line' id='line_1_94' title="bbox 1997 4960 3328 5043; baseline 0 -20"><span class='ocrx_word' id='word_1_558' title='bbox 1997 4960 2236 5036; x_wconf 61' lang='lat' dir='ltr'>t’Affs,</span> <span class='ocrx_word' id='word_1_559' title='bbox 2282 4960 2515 5025; x_wconf 81' lang='lat' dir='ltr'>Storia</span> <span class='ocrx_word' id='word_1_560' title='bbox 2559 4960 2635 5023; x_wconf 82' lang='lat' dir='ltr'>a&#39;z&#39;</span> <span class='ocrx_word' id='word_1_561' title='bbox 2670 4960 2950 5034; x_wconf 87' lang='lat' dir='ltr'>Parma,</span> <span class='ocrx_word' id='word_1_562' title='bbox 3001 4962 3136 5038; x_wconf 91' lang='lat' dir='ltr'>IV,</span> <span class='ocrx_word' id='word_1_563' title='bbox 3187 4968 3328 5043; x_wconf 86' lang='grc'><strong>365.</strong></span> 
     </span>
    </p>
   </div>
   <div class='ocr_carea' id='block_1_38' title="bbox 1908 5098 3539 5556">
    <p class='ocr_par' dir='ltr' id='par_1_38' title="bbox 1908 5098 3539 5556">
     <span class='ocr_line' id='line_1_95' title="bbox 1995 5098 3539 5180; baseline 0.002 -21"><span class='ocrx_word' id='word_1_564' title='bbox 1995 5098 2397 5161; x_wconf 89' lang='lat' dir='ltr'>Ludovicus</span> <span class='ocrx_word' id='word_1_565' title='bbox 2464 5098 2843 5180; x_wconf 88' lang='lat' dir='ltr'>imperator</span> <span class='ocrx_word' id='word_1_566' title='bbox 2902 5098 3341 5163; x_wconf 87' lang='lat' dir='ltr'>Manfredino</span> <span class='ocrx_word' id='word_1_567' title='bbox 3395 5099 3539 5162; x_wconf 88' lang='lat' dir='ltr'>filio</span> 
     </span>
     <span class='ocr_line' id='line_1_96' title="bbox 1909 5191 3535 5266; baseline 0.001 -11"><span class='ocrx_word' id='word_1_568' title='bbox 1909 5191 2233 5255; x_wconf 90' lang='lat' dir='ltr'>Ubertini</span> <span class='ocrx_word' id='word_1_569' title='bbox 2303 5192 2688 5256; x_wconf 90' lang='lat' dir='ltr'>Pelavicini</span> <span class='ocrx_word' id='word_1_570' title='bbox 2766 5202 2835 5255; x_wconf 91' lang='lat' dir='ltr'>et</span> <span class='ocrx_word' id='word_1_571' title='bbox 2898 5193 3275 5257; x_wconf 88' lang='lat' dir='ltr'>heredibus</span> <span class='ocrx_word' id='word_1_572' title='bbox 3346 5194 3495 5257; x_wconf 91' lang='lat' dir='ltr'>eius</span> <span class='ocrx_word' id='word_1_573' title='bbox 3522 5240 3535 5266; x_wconf 84' lang='lat'>,</span> 
     </span>
     <span class='ocr_line' id='line_1_97' title="bbox 1910 5284 3536 5369; baseline 0.001 -22"><span class='ocrx_word' id='word_1_574' title='bbox 1910 5285 2143 5348; x_wconf 90' lang='lat' dir='ltr'>omnia</span> <span class='ocrx_word' id='word_1_575' title='bbox 2184 5286 2561 5369; x_wconf 87' lang='lat' dir='ltr'>privilegia</span> <span class='ocrx_word' id='word_1_576' title='bbox 2604 5308 2644 5349; x_wconf 91' lang='lat' dir='ltr'>a</span> <span class='ocrx_word' id='word_1_577' title='bbox 2688 5284 3344 5367; x_wconf 89' lang='lat' dir='ltr'>praedecessoribus</span> <span class='ocrx_word' id='word_1_578' title='bbox 3391 5287 3536 5349; x_wconf 89' lang='lat' dir='ltr'>suis</span> 
     </span>
     <span class='ocr_line' id='line_1_98' title="bbox 1911 5380 3535 5462; baseline 0.002 -22"><span class='ocrx_word' id='word_1_579' title='bbox 1911 5399 2260 5454; x_wconf 89' lang='lat' dir='ltr'>concessa,</span> <span class='ocrx_word' id='word_1_580' title='bbox 2308 5390 2377 5443; x_wconf 92' lang='lat' dir='ltr'>et</span> <span class='ocrx_word' id='word_1_581' title='bbox 2431 5380 2825 5462; x_wconf 87' lang='lat' dir='ltr'>specialiter</span> <span class='ocrx_word' id='word_1_582' title='bbox 2868 5402 2911 5443; x_wconf 93' lang='lat' dir='ltr'>a</span> <span class='ocrx_word' id='word_1_583' title='bbox 2953 5380 3309 5444; x_wconf 87' lang='lat' dir='ltr'>Friderico</span> <span class='ocrx_word' id='word_1_584' title='bbox 3355 5380 3420 5442; x_wconf 93' lang='lat' dir='ltr'>II</span> <span class='ocrx_word' id='word_1_585' title='bbox 3466 5392 3535 5443; x_wconf 88' lang='lat' dir='ltr'>et</span> 
     </span>
     <span class='ocr_line' id='line_1_99' title="bbox 1908 5472 3532 5556; baseline 0.001 -21"><span class='ocrx_word' id='word_1_586' title='bbox 1908 5472 2229 5536; x_wconf 86' lang='lat' dir='ltr'>Conrado</span> <span class='ocrx_word' id='word_1_587' title='bbox 2276 5476 2354 5555; x_wconf 91' lang='lat' dir='ltr'>(a.</span> <span class='ocrx_word' id='word_1_588' title='bbox 2399 5495 2573 5553; x_wconf 81' lang='lat'>1249,</span> <span class='ocrx_word' id='word_1_589' title='bbox 2614 5494 2774 5556; x_wconf 87' lang='grc'><strong>1250</strong></span> <span class='ocrx_word' id='word_1_590' title='bbox 2804 5484 2873 5537; x_wconf 89' lang='lat' dir='ltr'>et</span> <span class='ocrx_word' id='word_1_591' title='bbox 2914 5476 3113 5555; x_wconf 89' lang='grc'><strong>1253),</strong></span> <span class='ocrx_word' id='word_1_592' title='bbox 3152 5472 3532 5545; x_wconf 80' lang='lat' dir='ltr'>confirmat.</span> 
     </span>
    </p>
   </div>
  </div>
 </body>
</html>
