4050 6109
1039 327 1211 376 LITE
1254 328 1408 376 PER
1451 328 2000 378 cAsTELNUovo
2046 329 2284 380 BoccA
2332 317 2626 380 D’ADDA

1438 452 1553 457 ——-—
1575 452 1619 457 —-
1652 452 1685 458 q
1704 452 1787 458 ——-
1846 452 1903 458 --·
1934 453 2048 458 ——---
2067 452 2331 460 —————‚

167 449 235 456 -—.

167 459 335 466 ffl—

157 569 563 631 monasterio
595 569 667 632 S.
701 567 889 632 Sixti
934 579 1052 633 aut
1082 569 1448 634 Communi
1475 595 1489 648 ;
1522 581 1591 634 et
1619 591 1777 653 pro-

155 661 349 724 mittit
407 661 698 744 insuper
752 663 920 726 dare
985 663 1173 727 dicto
1219 664 1582 728 Wilielmo
1627 666 1775 728 Ro-

153 756 398 826 chari0.
441 756 812 838 stipulanti
858 758 1139 821 nomine
1183 758 1254 822 S.
1299 759 1506 833 Sixti,
1553 769 1778 822 totum
1825 762 1829 823 =

151 850 306 911 illud
379 851 576 931 quod
663 850 759 913 A.
827 851 1224 915 Salvaticus
1307 853 1774 926 arbitrabitur,
1824 828 1829 957 Ι

149 957 512 1026 postquam
580 946 870 1008 obtenta
940 943 1149 1009 fuerit
1231 945 1671 1010 confirmatio
1735 967 1777 1010 a

151 1037 224 1099 D.
267 1037 462 1120 Papa
507 1058 723 1119 super
766 1040 899 1103 hac
946 1041 1434 1105 transactione.

149 1245 248 1306 115.
293 1264 376 1272 -
433 1249 615 1308 1233,
665 1233 816 1312 apr.
871 1250 964 1308 17,
1037 1229 1150 1300 VI,
1207 1227 1590 1292 Cremo-nae.

221 1362 440 1425 Filiae
511 1364 866 1446 quondam
932 1363 1296 1427 Arcimani
1365 1365 1450 1426 de
1523 1363 1774 1436 salico,

147 1476 488 1520 consensu
563 1457 895 1532 virorum,
965 1459 1400 1521 constituunt
1477 1478 1553 1521 se
1615 1477 1774 1539 pos-

149 1551 467 1613 sestrices
493 1552 609 1613 vel
635 1551 837 1633 quasi
871 1552 1330 1633 possestrices
1357 1570 1488 1632 pro
1517 1551 1775 1633 Ugone

148 1646 224 1706 de
251 1645 572 1718 Platena,
603 1646 945 1708 massario
975 1646 1218 1708 Pontis
1255 1645 1448 1720 Padi,
1480 1644 1774 1708 faciente

146 1749 205 1800 et
230 1737 620 1820 recipiente
651 1738 934 1802 nomine
961 1739 1349 1802 communis
1374 1737 1774 1811 Cremonae,

147 1833 222 1894 de
278 1853 364 1894 eo
415 1843 572 1896 toto
635 1835 830 1914 quod
871 1843 1070 1914 pater
1128 1853 1362 1896 earum
1423 1835 1772 1914 quondam

145 1925 518 2006 acquisivit
561 1927 652 1989 ab
691 1927 784 1989 A.
832 1927 1190 1990 Salvatico
1236 1927 1305 1989 in
1348 1927 1504 1989 loco
1549 1927 1775 1990 Castri

145 2019 298 2081 novi
341 2031 420 2083 et
467 2019 680 2083 finem
725 2019 993 2082 faciunt
1049 2033 1120 2083 et
1163 2035 1444 2102 pactum
1505 2022 1592 2083 de
1635 2040 1775 2084 non

143 2115 447 2194 petendo
491 2113 868 2188 communi,
902 2124 972 2178 et
1001 2113 1234 2177 omnia
1269 2113 1422 2176 iura
1467 2125 1536 2177 et
1579 2113 1776 2178 iuris-

145 2205 484 2270 dictiones
531 2208 814 2271 cedunt.

141 2397 241 2455 116.
287 2431 372 2438 —
437 2413 616 2472 1234,
665 2391 803 2456 ian.
855 2413 910 2471 3.
949 2391 1011 2456 d.
1045 2393 1396 2467 Laterani,
1431 2415 1490 2456 a.
1529 2395 1611 2475 7⁰.
1638 2395 1774 2478 Ap.

215 2531 530 2592 Litterae
559 2529 892 2612 Gregorii
930 2529 1040 2592 IX
1073 2531 1162 2592 ad
1193 2531 1602 2613 episcopum
1633 2533 1778 2614 pla-

143 2625 498 2686 centinum
545 2623 878 2706 quatinus
923 2621 1289 2688 confirmet
1333 2625 1777 2706 compositio-

139 2739 284 2779 nem
333 2717 588 2779 initam
636 2718 818 2780 inter
871 2737 1238 2780 commune
1283 2718 1664 2784 Cremonae
1709 2731 1777 2784 et

3388 338 3503 396 103

1877 593 2007 638 120.
2058 611 2134 618 —
2194 594 2350 652 1234
2418 575 2605 656 (1233
2665 573 2849 655 ina),
2912 577 3109 638 mart.
3185 595 3256 654 9,
3342 575 3503 648 VII,

1964 667 2280 730 Parmae.
2326 667 2523 730 ASA
2536 715 2550 730 .

1961 821 2355 905 Episcopus
2398 825 2785 906 parmensis
2831 823 3195 888 confirmat
3224 844 3505 906 compo-

1876 916 2219 991 sitionem,
2265 918 2353 981 de
2398 938 2539 999 qua
2582 919 2714 981 sub
2757 939 2940 981 anno
2996 939 3174 996 1234,
3220 919 3353 982 ian.
3409 940 3502 982 10.

1873 1177 1984 1221 121.
2032 1195 2115 1204 —-
2168 1177 2345 1236 1234,
2388 1163 2535 1241 apr.
2582 1161 2641 1232 6,
2712 1158 2865 1231 VII,
2922 1157 3307 1222 Cremonae.

1957 1312 2038 1374 In
2081 1313 2291 1392 pleno
2336 1311 2646 1382 consilio,
2695 1311 3099 1374 convocatis
3152 1310 3359 1373 etiam
3404 1309 3502 1374 of-

1873 1406 2217 1470 ficialibus
2263 1405 2651 1470 communis
2700 1404 3104 1478 Cremonae,
3151 1404 3499 1468 iudicibus

1873 1511 1942 1564 et
1987 1500 2269 1564 notariis
2316 1509 2527 1581 atque
2574 1499 2978 1562 consulibus
3030 1499 3501 1581 paraticorum

1875 1608 1944 1658 et
1969 1594 2379 1658 viciniarum
2404 1595 2719 1657 Potestas
2758 1602 2830 1656 et
2860 1593 3225 1656 consilium
3266 1601 3505 1655 creant

1874 1689 1966 1752 A.
2018 1688 2447 1751 Salvaticum
2508 1687 2853 1750 sindicum
2898 1687 2989 1749 ad
3030 1685 3503 1767 recipiendam

1875 1781 2466 1846 confirmationem
2528 1781 3057 1863 compositionis
3123 1799 3281 1842 cum
3361 1799 3503 1842 mo-

1873 1877 2176 1940 nasterio
2222 1877 2291 1938 S.
2339 1875 2524 1938 sixti
2576 1877 2665 1938 ab
2710 1875 3045 1956 episcopo
3104 1873 3503 1955 placentino

1875 1982 1943 2035 et
1985 1969 2356 2052 parmensi.

1875 2246 1998 2290 122.
2046 2263 2127 2271 --
2183 2245 2359 2303 1234,
2407 2230 2555 2307 apr.
2606 2245 2659 2304 7,
2718 2225 2867 2296 Vll,
2920 2221 3324 2286 Placentiae.
3361 2221 3503 2306 Ap.

1961 2381 2239 2444 Monaci
2296 2381 2365 2442 S.
2426 2378 2611 2442 Sixti
2679 2379 3113 2441 constituunt
3178 2379 3503 2441 abbatem

1879 2476 2221 2539 sindicum
2274 2494 2509 2538 coram
2572 2473 2905 2554 episcopo
2966 2472 3315 2552 parmensi
3376 2491 3504 2552 pro

1878 2569 2403 2632 confirmatione
2446 2565 2993 2648 compositionis
3476 2575 3486 2596 ·

139 2812 642 2874 monasterium
689 2813 761 2875 S.
822 2811 1030 2883 Sixti,
1089 2811 1148 2874 si
1215 2813 1454 2876 utilem
1501 2823 1569 2876 et
1627 2813 1777 2876 sine
1875 2831 2002 2890 123.
2051 2847 2129 2855 ——-
2187 2829 2365 2888 1234,
2410 2814 2559 2891 apr.
2614 2830 2707 2880 10,
2764 2808 2913 2879 VII,
2950 2806 3021 2870 in
3058 2805 3325 2891 palacio
3371 2805 3503 2888 epi·

135 2906 484 2986 pravitate
517 2905 888 2980 invenerit,
921 2916 991 2967 et
1021 2906 1356 2969 attentius
1383 2916 1579 2970 curet
1613 2927 1774 2970 con·

139 3000 534 3062 versionem
565 2999 910 3080 pecuniae
934 3009 1263 3080 acceptae
1288 3001 1376 3062 ad
1407 2999 1774 3064 utilitatem

141 3093 568 3156 monasterii.

137 3303 236 3362 117.
271 3321 356 3328 —
399 3303 586 3361 1234,
623 3281 764 3345 ian.
805 3303 898 3354 10,
923 3303 984 3346 a.
1023 3283 1092 3364 7⁰
1119 3281 1520 3362 (Laterani).
1552 3281 1774 3346 ASA.

212 3377 351 3461 Ap.

211 3513 420 3576 Bulla
469 3512 803 3594 Gregorii
861 3513 974 3576 IX
1037 3513 1387 3595 parmensi
1444 3513 1777 3594 episcopo

139 3627 268 3687 qua
333 3607 634 3670 mandat
701 3617 806 3680 ut,
875 3607 1208 3688 inquisita
1273 3603 1778 3688 compositione

137 3700 313 3770 inita,
377 3719 568 3778 1233,
627 3721 710 3778 3ο
763 3711 984 3772 mart„
1043 3700 1225 3762 inter
1281 3700 1778 3762 monasterium

137 3795 197 3855 S.
243 3795 436 3858 Sixti
487 3803 558 3856 et
604 3793 972 3856 ecclesiam
1032 3793 1103 3856 S.
1151 3794 1482 3876 Agathae
1529 3794 1600 3856 in
1655 3793 1776 3856 lite

138 3908 364 3950 coram
413 3887 760 3969 episeopo
805 3887 1204 3968 placentino
1269 3909 1310 3950 a
1351 3907 1536 3969 papa
1597 3887 1778 3950 dele-

139 3995 316 4062 gate,
389 4001 554 4044 eam
623 3979 1008 4054 confirmet,
1069 3981 1128 4044 si
1187 3981 1426 4044 utilem
1495 3992 1564 4044 et
1627 3980 1779 4043 sine

139 4077 488 4154 pravitate
535 4073 908 4136 invenerit.

137 4268 264 4418 1183
283 4297 400 4438 -)
429 4283 594 4342 1234
624 4310 638 4334 ,
661 4261 874 4348 febr„
955 4261 1048 4326 ds
1099 4261 1490 4326 Placentiae
1557 4266 1778 4346 (senza

257 4362 378 4420 ata
407 4403 424 4418 .

213 4493 526 4557 Litterae
574 4493 893 4576 episcopi
937 4494 1336 4558 Placentiae
1383 4496 1472 4558 ad
1516 4493 1777 4576 episco-

139 4607 292 4666 pum
337 4607 792 4670 parmensem
839 4587 952 4650 cui
984 4588 1178 4651 vices
1209 4609 1371 4652 suas
1407 4587 1778 4652 committit

139 4681 233 4760 w.
277 4703 340 4745 3.
405 4701 594 4761 1234,
643 4681 781 4744 ian.
833 4683 912 4762 3).

141 4889 240 4947 119.
283 4909 370 4916 —-
431 4891 596 4949 1234
629 4871 820 4951 (1233
859 4867 1032 4950 ina),
1053 4867 1244 4955 febr.
1281 4891 1377 4950 24,
1431 4870 1580 4943 VII,
1623 4869 1773 4934 Cre-

215 4984 480 5028 monae.

212 5103 526 5166 Litterae
571 5099 891 5182 episcopi
936 5101 1342 5182 parmensiS,
1376 5101 1498 5184 qui
1537 5101 1776 5164 statuit

1957 2903 2146 2989 scopi
2174 2901 2584 2986 parmensis.

1959 3057 2455 3123 Praesentibus
2486 3057 2737 3120 abbate
2770 3057 2838 3118 S.
2884 3056 3070 3118 Sixti
3115 3066 3184 3118 et
3230 3055 3321 3118 A.
3355 3055 3503 3118 Sal-

1877 3154 2127 3226 vatieo,
2173 3161 2626 3235 procuratore
2670 3151 3071 3221 Cremonae,
3129 3150 3503 3230 episcopus

1876 3247 2240 3310 confirmat
2264 3245 2838 3328 compositionem
2864 3241 3119 3306 factam
3151 3242 3333 3304 inter
3354 3243 3508 3306 Cre-

1877 3361 2152 3405 monam
2213 3351 2283 3404 et
2336 3349 2757 3403 conventum
2830 3337 2901 3398 S.
2968 3335 3173 3410 sixti,
3242 3335 3502 3418 praeci-

1875 3435 2133 3517 piendo
2178 3433 2528 3498 communi
2574 3433 2955 3496 Cremonae
2983 3439 3061 3494 ut
3103 3429 3335 3492 solvat
3376 3448 3504 3508 500

1875 3530 2028 3592 libr.
2072 3530 2627 3610 placentinorum
2657 3528 3021 3598 bonorum,
3052 3545 3231 3607 quas
3275 3525 3503 3596 debet,

1877 3634 1949 3685 et
1991 3621 2227 3686 abbati
2272 3634 2349 3686 ut
2392 3641 2511 3684 eas
2562 3629 2925 3684 convertat
2990 3620 3061 3682 in
3132 3619 3499 3682 utilitatem

1877 3715 2299 3781 monasterii.

1875 3993 1999 4052 124.
2043 4011 2127 4018 —-
2178 3992 2359 4051 1234,
2405 3971 2579 4035 mad.
2644 3992 2699 4044 2,
2773 3970 2924 4044 VII,
2972 3935 3380 4042 Placentiae,
3428 3968 3501 4032 in

1961 4065 2370 4130 monasterio
2414 4066 2485 4129 S.
2530 4063 2737 4129 Sixti.

1959 4220 2285 4284 Sindicus
2328 4220 2711 4284 Cremonae
2755 4219 2963 4282 solvit
3008 4239 3127 4298 432
3175 4217 3387 4280 libras
3432 4227 3503 4280 et

1885 4336 1958 4378 10
1989 4315 2225 4378 soldos
2257 4327 2325 4376 et
2354 4336 2391 4392 4
2438 4313 2758 4376 denarios
2796 4313 3241 4375 denariorum
3286 4313 3501 4374 bono-

1875 4431 2029 4474 rum
2096 4409 2337 4490 imper.
2404 4427 2533 4488 pro
2604 4426 2728 4486 500
2793 4406 2990 4469 libris
3056 4405 3499 4470 denariorum

1873 4503 2429 4586 placentinorum
2452 4549 2466 4572 ,
2541 4511 2611 4564 et
2676 4501 2896 4564 abbas
2963 4511 3033 4562 et
3096 4501 3369 4564 monaci
3436 4500 3502 4564 ei

1876 4597 2139 4661 faciunt
2181 4595 2389 4658 finem
2436 4605 2507 4658 et
2547 4593 3069 4658 refutacionem.

1874 4871 1999 4934 125.
2048 4891 2127 4898 —
2162 4873 2359 5009 l1234,
2406 4853 2580 4916 mad.
2644 4873 2700 4930 3,
2766 4853 2917 4928 VII,
2965 4852 3037 4917 in
3082 4857 3301 4917 castro
3346 4851 3502 4918 Flo-

1963 4967 2161 5011 renzo
2188 4966 2287 5010 ae.

1957 5099 2353 5183 Episcopus
2416 5103 2887 5185 placentinus,
2940 5105 3030 5168 ad
3095 5105 3502 5186 postulatio-

143 5198 507 5260 terminum
565 5195 922 5258 communi
981 5195 1360 5258 Cremonae
1409 5205 1483 5258 ut
1549 5195 1779 5259 mittat
1876 5215 2035 5258 nem
2082 5195 2331 5259 sindici
2374 5196 2777 5269 Cremonae,
2824 5196 3191 5262 confirmat
3221 5218 3501 5280 compo-

143 5290 482 5354 sindicum
529 5290 878 5364 Parmam,
929 5289 1183 5352 dantur
1225 5289 1578 5371 potestati.

1423 5483 1567 5492 ——

1877 5288 2201 5352 sitionem
2247 5308 2405 5352 cum
2450 5301 2801 5354 conventu
2847 5293 2918 5355 S.
2955 5291 3160 5355 Sixti.
