4050 6109
547 313 666 386 146

1555 317 1825 369 CODICE
1868 319 2389 370 DIPLOMATICO
2432 319 2891 371 CREMONESE

534 566 817 630 redibus
861 564 1142 628 Martini
1187 565 1454 630 Sachae
1512 565 1901 627 conducere
1968 571 2171 624 extra
2265 578 2391 640 ¹25·
2448 595 2497 606 -
2550 581 2729 639 1302,
2777 560 2897 625 iul.
2948 583 3046 642 24,
3096 564 3177 626 X
3194 564 3267 636 V,
3314 563 3358 626 l.
3410 563 3777 630 Cremonae
3818 567 3889 629 in

519 659 893 723 civitatem
938 671 1009 720 et
1053 657 1442 721 districtum
1487 657 1702 720 salem
1739 675 1948 738 quem
1985 653 2167 716 Mar-

532 752 720 816 tinus
763 753 1306 815 incanevaverat
1348 751 1420 812 in
1465 748 1737 812 salariis
1781 745 2169 812 communis

521 865 624 910 2ex
648 846 1058 909 auctoritate
1087 843 1510 926 provisionis
1550 863 1728 920 1300,
1759 842 1900 905 iun.
1940 861 1995 915 2,
2025 860 2169 904 non

521 941 856 1002 obstante
899 938 1305 1021 provisione
1359 957 1538 1016 1301,
1584 935 1702 999 iul.
1749 958 1809 1015 4.

531 1181 656 1224 122.
689 1199 768 1206 —
811 1180 989 1238 1302,
1038 1158 1126 1222 id.
1175 1158 1218 1222 l.
1273 1159 1640 1222 Cremonae
1674 1155 1749 1220 in
1793 1176 1970 1220 conS.
2009 1153 2163 1240 gab.

628 1255 694 1326 C,
751 1259 889 1318 106.

575 1397 582 1404 '
612 1390 934 1453 Provisio
959 1389 1278 1472 gabellae
1301 1389 1492 1470 quod
1516 1385 1716 1449 firma
1737 1387 1829 1450 sit
1853 1386 2165 1450 venditio

521 1482 711 1548 facta
753 1503 881 1565 per
924 1482 1268 1546 sindicum
1313 1480 1714 1544 Communis
1759 1480 2165 1544 Primerano

522 1578 616 1640 de
661 1577 1036 1647 Divitiolis‚
1083 1575 1407 1638 Nicolino
1461 1575 1550 1636 de
1601 1573 1906 1644 Doxino,
1959 1571 2169 1635 Cleri·

525 1671 736 1734 chino
804 1672 894 1733 de
945 1669 1300 1740 Ansoldis,
1347 1667 1660 1732 Ottolino
1707 1668 1794 1730 de
1836 1667 2051 1729 Rotis
2096 1676 2166 1729 et

523 1763 971 1827 Thomaxino
1021 1764 1107 1825 de
1153 1762 1344 1825 Mola
1387 1772 1458 1825 et
1502 1761 1731 1832 sociis,
1797 1780 1928 1841 pro
1998 1779 2166 1838 2300

529 1857 726 1919 libris
771 1856 1034 1939 imper„
1081 1857 1167 1919 de
1213 1855 1415 1918 dacio
1462 1874 1497 1935 5
1545 1853 1720 1917 sold.
1761 1855 2002 1934 imper.
2034 1872 2164 1934 pro

535 1950 847 2032 quolibet
889 1950 1204 2032 plaustro
1246 1949 1394 2020 vini
1440 1949 1630 2031 quod
1690 1947 2016 2010 venditur
2074 1947 2164 2010 ad

533 2043 875 2106 minutum
921 2054 1122 2106 extra
1166 2043 1522 2105 civitatem
1553 2052 1622 2104 et
1657 2043 1944 2124 burgos,
1975 2050 2049 2103 et
2078 2041 2165 2103 de

532 2135 734 2199 furno
780 2137 900 2218 qui
952 2137 1344 2217 appellatur
1407 2135 1776 2218 potestatis
1842 2145 1913 2198 et
1980 2134 2165 2216 capi-

531 2229 718 2293 tanei
776 2241 846 2292 et
902 2231 1052 2292 iure
1113 2229 1465 2292 vendendi
1523 2247 1775 2310 panem
1841 2248 1970 2311 pro
2041 2247 2166 2305 310

531 2322 685 2386 libr.
730 2321 993 2404 imper„
1040 2323 1402 2385 occasione
1448 2322 1801 2386 exercitus
1845 2320 2164 2384 faciendi.

535 2563 658 2624 123.
691 2582 774 2590 —
819 2564 995 2622 1302,
1033 2544 1177 2607 iun.
1212 2564 1311 2624 27,
1359 2544 1444 2607 X
1459 2544 1532 2616 V,
1587 2543 1970 2617 Cremonae,
1999 2542 2045 2605 l.
2090 2541 2165 2605 in

617 2658 792 2701 cons.
830 2637 981 2721 gab.
1040 2637 1106 2710 C,
1163 2657 1296 2718 107.

615 2774 935 2838 Provisio
980 2775 1298 2856 gabellae
1344 2775 1534 2856 quod
1575 2772 1776 2836 firma
1819 2784 1891 2835 et
1933 2772 2167 2836 valida

534 2870 625 2933 sit
696 2867 1008 2931 venditio
1089 2868 1488 2930 reddituum
1560 2868 1905 2930 curiarum
1979 2865 2163 2929 Gua-

531 2963 773 3026 stallae
819 2971 889 3024 et
931 2961 1264 3025 Luzariae
1307 2972 1376 3024 et
1419 2963 1763 3024 bonorum
1822 2962 2162 3024 bandeza-

482 3078 487 3085 ·
527 3070 758 3120 torum
785 3104 799 3130 ,
871 3055 1055 3119 facta
1111 3055 1485 3120 Guilielmo
1532 3054 2044 3120 Consanonerio
2090 3064 2162 3117 et

526 3150 736 3214 Petro
783 3151 871 3212 de
913 3148 1154 3212 Contis
1214 3158 1285 3212 et
1338 3149 1580 3220 sociis,
1643 3159 1712 3211 et
1775 3148 1964 3231 quod
2029 3146 2160 3211 fra-

525 3254 666 3306 tres
733 3243 821 3306 de
887 3243 1223 3305 Branchis
1288 3245 1392 3323 (V.
1461 3263 1522 3305 a.
1591 3247 1768 3321 1298,
1837 3242 1976 3303 iun.
2042 3243 2159 3320 26)

527 3338 803 3399 solvant
833 3336 1266 3418 emptoribus
1305 3342 1420 3400 128
1451 3337 1666 3400 libras
1689 3348 1758 3398 et
1791 3355 2159 3399 commune

527 3429 932 3494 Guastallae
987 3451 1104 3509 150
1165 3429 1412 3503 libraS,
1476 3449 1652 3511 quas
1716 3429 1975 3492 debent
2042 3447 2159 3490 an-

531 3524 790 3586 nuatim
837 3524 1133 3586 solvere.

1280 3740 1368 3806 id.
1464 3741 1534 3814 C,
1591 3746 1722 3804 108.

614 3880 934 3944 Provisio
981 3878 1301 3962 gabellae
1347 3879 1538 3960 quod
1567 3878 1883 3941 massarii
1915 3877 2158 3942 Pontis

531 3975 723 4048 Padi,
782 3975 850 4038 S.
911 3974 1146 4037 Lucae
1211 3983 1281 4035 et
1346 3971 1673 4036 Omnium
1741 3973 2159 4034 Sanctorum

532 4090 672 4132 non
737 4071 1040 4131 debeant
1104 4085 1363 4147 ponere
1426 4065 1728 4147 aliquem
1772 4066 2158 4128 boletinum

531 4183 741 4245 super
784 4160 1036 4224 boletis
1081 4160 1216 4223 nisi
1259 4159 1589 4222 adhibitis
1633 4158 1842 4222 certis
1890 4170 1958 4221 et
2009 4159 2158 4240 qui-

531 4256 824 4319 busdam
869 4253 1114 4316 modis,
1158 4253 1334 4316 Item
1380 4255 1568 4336 quod
1612 4273 1942 4334 praesens
1975 4253 2159 4333 capi-

530 4363 777 4413 taneus
825 4360 892 4411 et
934 4348 1148 4411 futuri
1194 4368 1333 4409 non
1377 4348 1681 4409 habeant
1723 4367 1851 4428 pro
1910 4345 2161 4408 salario

529 4463 657 4506 suo
704 4453 772 4505 et
803 4442 1101 4505 familiae
1133 4461 1298 4504 suae
1328 4450 1398 4503 et
1427 4440 1733 4503 iudicum
1771 4440 2159 4502 arzinorum

530 4548 600 4599 et
645 4547 1014 4598 stratarum
1060 4536 1243 4597 ultra
1289 4555 1413 4613 400
1456 4534 1667 4597 libras
1725 4533 1967 4614 imper.
2031 4553 2159 4614 pro

531 4651 660 4693 sex
725 4630 1100 4691 mensibus,
1167 4629 1342 4690 Item
1412 4628 1601 4710 quod
1653 4627 2018 4690 solvantur
2075 4628 2160 4689 de

528 4745 739 4788 avere
784 4726 1101 4806 gabellae
1155 4742 1272 4784 100
1315 4722 1536 4784 librae
1588 4721 1749 4802 imp.
1807 4721 2159 4784 Raimon-

532 4817 696 4880 dino
741 4819 828 4879 de
859 4817 1136 4890 Mann0‚
1177 4817 1543 4878 occasione
1575 4815 1917 4895 captionis
1944 4803 2161 4897 quam

530 4910 694 4974 fecit
739 4913 827 4973 de
872 4910 1244 4973 Albertino
1290 4911 1378 4972 de
1425 4910 1666 4990 Burgo
1712 4909 2048 4970 traditore
2092 4919 2162 4970 et

529 5004 816 5067 bannito
861 5003 1247 5066 communis
1292 5014 1360 5067 et
1388 5003 1610 5084 partis
1640 5001 1974 5064 ecclesiae
2003 5002 2162 5064 Cre-

531 5117 796 5160 monae.
861 5098 1036 5159 Item
1103 5097 1294 5177 quod
1359 5116 1712 5177 expensae
1768 5095 1990 5158 factae
2036 5114 2163 5176 per

529 3763 652 3822 124.
699 3781 772 3788 —
836 3763 1012 3821 1302,
1103 3741 1193 3804 id.

528 5191 776 5254 fratem
843 5191 1290 5254 Franciscum
1362 5190 1773 5252 massarium
1837 5190 2158 5270 gabellae

527 5285 897 5348 occasione
926 5284 1278 5347 exercitus
1311 5303 1534 5364 nuper
1565 5283 1750 5355 facti,
1783 5303 1994 5363 super
2025 5293 2159 5345 ter-

529 5377 771 5441 ritorio
801 5378 1180 5440 Mediolani
1219 5389 1289 5440 et
1311 5377 1496 5452 alibi,
1519 5377 1758 5440 firmae
1791 5388 1860 5440 et
1885 5377 2159 5440 validae

535 5471 692 5536 sint.

2350 674 2526 717 cons.
2563 654 2719 739 gab.
2774 657 2841 728 C,
2897 676 3033 735 109.

2348 789 2671 853 Provisio
2717 791 3035 874 gabellae
3082 793 3274 873 quod
3318 793 3678 856 solvantur
3731 792 3897 859 Gui-

2265 883 2431 946 doni
2454 884 2543 946 de
2565 885 2939 947 Pescarolo
2972 905 3053 963 30
3075 885 3293 948 librae
3324 885 3487 968 imp.
3518 907 3646 968 pro
3670 907 3897 952 emen-

2266 976 2559 1040 dacione
2631 978 2839 1040 unius
2914 979 3023 1041 sui
3097 979 3433 1042 dextrerii
3507 981 3759 1044 mortui
3826 981 3895 1043 in

2264 1069 2579 1133 exercitu
2624 1090 2849 1153 nuper
2889 1070 3075 1135 facto
3118 1073 3210 1136 ad
3266 1073 3719 1156 Cavayonum
3785 1094 3896 1137 co-

2263 1162 2547 1226 mitatus
2592 1164 2991 1228 Mediolani.

2261 1357 2385 1415 126.
2429 1387 2514 1399 —
2567 1370 2748 1430 1302,
2838 1349 2927 1414 id.
3011 1349 3103 1416 id.
3202 1353 3270 1426 C,
3327 1374 3462 1416 110.

2344 1488 2668 1552 Provisio
2711 1491 3031 1573 gabellae
3075 1491 3265 1573 quod
3309 1492 3693 1573 capitaneis
3732 1493 3899 1556 olim

2264 1583 2473 1646 castri
2518 1583 2589 1646 S.
2634 1584 2917 1647 Martini
2962 1586 3051 1648 de
3095 1585 3377 1648 Arzeno
3416 1594 3488 1650 et
3520 1587 3733 1650 turris
3777 1607 3897 1650 seu

2262 1677 2587 1739 rochetae
2629 1676 2799 1741 dicti
2845 1679 3053 1741 castri
3099 1692 3170 1742 et
3210 1680 3539 1743 rochetae
3568 1679 3748 1744 Covi
3780 1679 3901 1743 fiat

2260 1770 2610 1834 restitutio
2656 1769 2743 1834 de
2790 1770 3091 1835 denariis
3136 1792 3315 1855 quos
3361 1773 3726 1836 solverunt
3778 1793 3896 1856 ga·

2262 1863 2487 1927 bellae
2530 1883 2659 1944 pro
2705 1864 3123 1946 quibusdam
3166 1866 3537 1930 confinatis
3586 1887 3721 1930 nec
3780 1887 3900 1948 po-

2260 1966 2545 2020 tuerunt
2588 1976 3019 2040 recuperare,
3051 1980 3139 2023 ne
3168 1962 3491 2025 mercede
3536 1961 3903 2026 custodiae

2264 2051 2404 2113 sint
2446 2049 2763 2114 fraudati.

2264 2274 2389 2334 127.
2414 2291 2491 2300 -
2529 2275 2706 2333 1302,
2730 2259 2896 2339 sept.
2931 2262 3021 2322 18.
3050 2257 3133 2320 Χ
3149 2256 3222 2330 V,
3248 2258 3631 2322 Cremonae.
3658 2257 3737 2332 C,
3767 2269 3898 2321 111.

2346 2389 2667 2452 Provisio
2712 2392 3032 2474 gabellae
3075 2412 3204 2474 per
3247 2413 3459 2476 quam
3534 2415 3607 2458 10
3674 2394 3897 2458 librae

2264 2484 2679 2565 imperialeS‚
2728 2486 2911 2548 ultra
2954 2486 3399 2551 medietatem
3441 2487 3654 2550 banni
3680 2535 3694 2560 ,
3744 2508 3898 2571 pro-

2266 2576 2633 2641 mittuntur
2654 2577 2755 2640 illi
2792 2579 2913 2661 qui
2944 2580 3472 2644 denunciaverit
3497 2582 3903 2644 venditores

2264 2671 2430 2734 salis
2474 2672 2565 2734 ad
2608 2671 2951 2738 minutum
2996 2674 3067 2736 in
3112 2673 3397 2738 civitate
3442 2685 3513 2738 et
3558 2675 3901 2739 districtu.

2260 2880 2481 2939 128.-
2502 2896 2680 2954 1302,
2704 2881 2870 2960 sept.
2905 2882 2997 2951 18,
3026 2877 3109 2940 Χ
3124 2877 3196 2950 V,
3229 2877 3617 2942 Cremonae.
3654 2879 3725 2952 C,
3764 2899 3901 2941 112.

2345 3011 2665 3074 Provisio
2708 3012 3026 3095 gabellae
3070 3007 3262 3094 quod
3298 3012 3711 3096 mitigentur
3740 3033 3901 3094 poe-

2259 3125 2389 3168 nae
2432 3117 2677 3169 contra
2721 3117 3023 3189 quatuor
3064 3106 3471 3186 piscatores,
3502 3107 3683 3170 Item
3713 3109 3901 3189 quod

2260 3211 2485 3262 terrae
2515 3199 2873 3263 districtus
2902 3198 3261 3262 acoblatae
3292 3201 3382 3262 a'd
3412 3200 3901 3281 accipiendum

2258 3293 2474 3354 salem
2518 3294 3010 3357 descoblentur
3054 3300 3124 3355 et
3168 3292 3454 3356 cuilibet
3497 3293 3904 3374 imponatur

2259 3397 2449 3449 certa
2492 3387 2847 3468 quantitas
2892 3385 3079 3450 salis.

2257 3607 2476 3666 129.—-
2496 3609 2673 3668 1302,
2699 3594 2864 3672 sept.
2894 3610 2995 3662 20,
3024 3591 3105 3654 X
3124 3591 3197 3664 V,
3233 3582 3617 3655 Cremonae.
3656 3592 3727 3666 C,
3764 3614 3784 3654 1
3806 3613 3898 3670 13.

2344 3724 2665 3788 Provisio
2712 3726 3029 3809 gabellae
3074 3726 3266 3807 quod
3308 3724 3715 3789 reformatio
3781 3745 3896 3808 ga-

2257 3819 2673 3882 bellatorum
2722 3840 2802 3897 30
2844 3839 2991 3900 apr.
3026 3839 3115 3881 ne
3151 3819 3596 3882 incantentur
3628 3829 3702 3882 et
3736 3839 3899 3882 ven-

2262 3913 2514 3974 dantur
2555 3931 2684 3993 per
2732 3922 3148 3992 potestatem
3216 3921 3441 3975 terrae
3508 3922 3578 3974 et
3644 3914 3899 3976 domus

2260 4005 2473 4086 Zeppi
2528 4016 2599 4067 et
2657 4015 2734 4068 ut
2776 4015 3083 4068 mutetur
3127 4007 3501 4068 massarius
3548 4005 3787 4069 valida
3832 4016 3899 4068 et

2260 4097 2458 4160 firma
2500 4098 2609 4171 sit,
2642 4108 2711 4161 et
2735 4100 2924 4179 quod
2956 4109 3355 4162 contractus
3395 4119 3475 4177 30
3504 4099 3678 4162 1111111
3710 4119 3901 4181 prae-

2261 4191 2466 4264 teriti,
2507 4212 2635 4274 per
2679 4212 2887 4273 quern
2932 4193 3247 4255 redditus
3292 4193 3459 4255 dicti
3518 4193 3687 4274 Zepi
3756 4193 3897 4254 dati

2261 4297 2423 4349 sunt
2468 4285 2538 4348 in
2582 4283 2822 4352 fictum
2866 4304 2993 4366 per
3038 4305 3073 4364 5
3134 4305 3373 4352 annos,
3422 4287 3769 4354 solvendo
3816 4291 3897 4346 80

2259 4379 2471 4441 libras
2516 4379 2680 4460 imp.
2726 4398 2853 4460 pro
2898 4378 3212 4461 quolibet
3246 4399 3429 4440 anno
3465 4379 3663 4442 fratri
3719 4379 3899 4441 Mar-

2259 4472 2406 4534 11110
2438 4473 2525 4534 (10
2560 4471 3075 4546 PaninsacchiS,
3113 4474 3363 4536 debeat
3400 4473 3897 4537 inviolabiliter

2262 4565 2641 4628 observari.

2260 4793 2383 4852 130.
2430 4809 2511 4817 —-
2564 4791 2743 4850 1302,
2811 4776 2929 4835 oct.
3002 4777 3099 4846 28,
3172 4773 3225 4842 I,
3295 4772 3339 4835 l.
3394 4773 3767 4836 Cremonae
3812 4773 3882 4836 in

2336 4865 2539 4950 pleno
2586 4870 2654 4929 et
2684 4886 2843 4950 gen.
2888 4865 3119 4930 consil.
3153 4865 3414 4950 populi.
3470 4867 3541 4940 C,
3597 4871 3736 4930 116.

2345 5001 2666 5065 Provisio
2696 5002 3017 5084 gabellae
3054 5003 3245 5084 quod
3268 5002 3483 5065 frater
3514 5001 3891 5074 Gabrinus,

2262 5095 2634 5158 massarius
2680 5097 2915 5176 pontis
2981 5097 3263 5170 Doxoli,
3308 5116 3446 5158 non
3516 5096 3744 5178 possit
3792 5117 3893 5158 re-

2262 5189 2531 5252 moveri
2575 5209 2703 5251 nec
2761 5209 2890 5270 pro
2950 5203 3217 5252 remoto
3270 5190 3533 5262 haberi,
3580 5193 3707 5253 sed
3770 5189 3890 5250 fiat

2262 5283 2621 5364 inquisitio
2664 5285 2753 5345 de
2797 5281 3025 5345 officio
3074 5303 3201 5346 suo
3245 5304 3373 5364 per
3422 5284 3778 5364 sapientes
3826 5292 3894 5344 et
3998 5303 4000 5305 ’

2262 5376 2322 5438 si
2366 5376 2573 5439 fuerit
2630 5385 2949 5458 repertus
3010 5377 3082 5440 in
3147 5377 3462 5440 fraudem
3530 5379 3757 5460 possit
3823 5387 3893 5439 et

2264 5471 2517 5533 debeat
2560 5471 2925 5533 removeri.
