4050 6109
1135 290 1448 369 169·170.
1497 326 1574 335 —
1621 304 1697 353 A.
1755 313 1912 370 1313
1962 332 2043 341 --
2090 310 2373 361 SECOLO
2418 315 2571 363 xlv.
3455 325 3533 383 39

171 544 223 589 et
256 534 465 603 singuli
500 537 927 609 cuiuscumque
959 542 1306 599 conditionis
1341 545 1668 611 existentes,
1708 548 1810 615 qui
1857 557 1862 572 ·

169 632 202 665 a
247 622 506 679 tempore
551 613 692 669 dicti
744 617 1011 673 introitus
1047 628 1107 673 et
1150 621 1225 674 ab
1271 620 1406 675 inde
1451 632 1604 677 retro
1642 640 1810 678 occu-

167 699 357 757 passet
393 706 494 743 seu
534 692 844 748 invasisset
866 696 958 749 vel
996 696 1281 761 intrasset,
1309 714 1414 751 sua
1437 700 1807 764 authoritate,

166 768 388 835 aliquas
429 778 632 831 terraS,
682 768 913 834 domOS,
962 773 1176 835 vineaS,
1227 774 1577 840 molendina,
1625 786 1806 843 prata,

167 846 377 898 buscos
411 854 469 899 et
513 862 900 916 quascunque
947 850 1087 903 alias
1132 852 1526 917 possessiones
1569 853 1809 907 alicuius

165 922 460 977 existentis
497 923 575 975 ad
613 924 892 978 mandata
914 928 1242 981 communis
1266 928 1591 983 Cremonae
1617 947 1808 983 rerum

167 1000 468 1053 mobilium
505 1010 568 1053 et
602 1001 988 1055 immobilium
1023 1004 1392 1058 existentium
1441 1022 1619 1072 penes
1653 1006 1810 1073 ipsos

167 1077 461 1131 invasores
497 1075 591 1129 vel
627 1078 1026 1141 derobatoreS,
1065 1088 1124 1133 et
1159 1081 1312 1147 ipsas
1337 1082 1622 1139 retineant
1646 1092 1702 1136 et
1727 1100 1810 1136 re-

165 1164 368 1207 cusent
402 1154 708 1209 restituere
735 1164 792 1209 et
830 1155 1084 1210 relaxare
1111 1158 1218 1211 illis
1247 1176 1496 1225 quorum
1522 1168 1685 1213 erant
1707 1177 1808 1214 seu
1858 1153 1862 1174 ¹

165 1232 262 1297 qui
308 1232 464 1297 ipsas
510 1231 911 1297 possidebant,
951 1234 1110 1301 quod
1155 1243 1410 1302 potestas
1459 1245 1518 1291 et
1560 1236 1684 1291 eius
1730 1237 1812 1290 iu-

166 1309 340 1371 dices,
368 1324 472 1361 seu
513 1308 762 1376 quilibet
795 1310 1054 1377 ipsorum
1079 1312 1179 1378 qui
1217 1313 1405 1377 primo
1431 1314 1601 1367 fuerit
1624 1314 1810 1381 requi-

165 1388 324 1449 situS,
345 1393 661 1440 teneantur
680 1387 913 1440 vinculo
937 1391 1279 1443 sacramenti
1307 1390 1555 1446 breviter
1579 1401 1637 1445 et
1657 1408 1810 1445 sum-

167 1464 364 1517 matim
411 1472 472 1517 et
523 1464 652 1517 sine
697 1462 935 1518 datione
985 1466 1226 1520 alicuius
1273 1467 1448 1521 libelli
1497 1467 1808 1535 petitioniS,

165 1540 481 1593 denuntiae
499 1556 606 1594 seu
633 1541 1018 1595 accusationis
1041 1543 1388 1609 compellere
1413 1544 1556 1597 infra
1581 1546 1812 1599 tertium

163 1618 318 1671 diem
356 1618 521 1683 ipsos
557 1626 942 1685 occupatores
985 1628 1044 1672 et
1089 1618 1384 1675 invasores
1429 1630 1488 1675 et
1535 1621 1814 1675 haeredes

165 1712 368 1747 eorum
414 1702 476 1747 et
527 1694 812 1748 habentes
857 1712 1092 1748 causam
1139 1697 1213 1749 ab
1260 1698 1704 1763 occupatoribus
1739 1698 1812 1751 ad

163 1772 592 1825 restituendum
641 1780 700 1825 et
747 1773 1127 1826 relaxandum
1176 1773 1355 1827 libere
1403 1775 1554 1840 ipsas
1604 1785 1812 1837 terraS,

163 1850 596 1914 possessiones,
646 1848 887 1911 domoe,
935 1849 1152 1912 vineas,
1221 1851 1582 1915 molendina,
1631 1863 1810 1919 prata,

164 1928 374 1979 buscos
409 1934 471 1979 et
509 1942 916 1993 quascumque
951 1927 1092 1979 alias
1137 1944 1227 1981 res
1277 1928 1502 1983 invasas
1547 1938 1606 1983 et
1648 1946 1814 1983 occu-

163 2013 322 2069 patas
359 2002 506 2069 ipsis
542 2019 797 2069 quorum
823 2014 986 2057 erant
1009 2020 1112 2057 seu
1142 2004 1280 2069 ipsis
1305 2005 1404 2073 qui
1442 2007 1816 2073 possidebant

164 2090 217 2133 et
249 2080 578 2133 heredibus
603 2096 808 2134 eorum
834 2088 892 2133 et
926 2081 1354 2135 successoribus
1378 2092 1436 2135 et
1471 2083 1817 2137 habentibus

163 2172 398 2211 causam
438 2157 518 2209 ab
554 2157 659 2210 eiS.
699 2156 776 2209 Et
810 2156 970 2223 quod
1008 2157 1134 2223 ipso
1170 2157 1292 2211 iure
1319 2158 1664 2226 intelligatur
1688 2177 1816 2215 esse

167 2236 216 2287 in
271 2234 657 2301 possessione
713 2234 969 2299 ipsarum
1022 2251 1214 2288 rerum
1268 2236 1350 2289 sic
1402 2247 1813 2303 occupatarum

163 2312 447 2377 praedicti
501 2328 756 2378 quorum
810 2320 975 2365 erant
1018 2311 1205 2366 dictae
1251 2329 1342 2366 res
1393 2322 1706 2381 occupatae
1759 2324 1816 2369 et

161 2406 366 2443 eorum
407 2388 662 2443 heredes
697 2397 756 2443 et
799 2404 1180 2444 successores,
1235 2391 1308 2443 Et
1351 2392 1509 2457 quod
1555 2392 1602 2445 si
1656 2409 1816 2458 prae-

161 2468 293 2520 dicti
329 2475 728 2532 occupatores
753 2474 811 2519 et
847 2465 1140 2519 invasores
1175 2478 1504 2522 recusarent
1541 2470 1684 2523 infra
1705 2478 1815 2523 ter-

163 2544 394 2597 minum
430 2542 892 2609 suprascriptum
929 2542 1228 2597 restituere
1264 2554 1322 2597 et
1357 2544 1610 2599 relaxare
1647 2562 1816 2612 prae-

163 2620 346 2673 dictas
391 2636 486 2673 res
521 2618 606 2672 sic
642 2626 954 2683 occupatas
991 2628 1048 2671 et
1085 2619 1330 2682 invasas,
1357 2620 1816 2676 condemnentur

163 2697 216 2748 in
247 2696 584 2749 ducentum
610 2694 770 2747 libris
803 2693 1206 2760 imperialium,
1235 2706 1293 2749 et
1320 2696 1691 2752 nihilominus
1717 2715 1818 2764 per

163 2772 566 2838 direptionem
604 2788 890 2838 personae
913 2780 970 2825 et
994 2771 1118 2826 aliis
1154 2772 1375 2827 iuribus
1399 2775 1816 2841 compellantur

163 2850 232 2902 ad
284 2848 728 2903 restitutionem
765 2847 1120 2915 praedictam
1165 2866 1269 2915 per
1312 2850 1616 2905 dominum
1653 2861 1820 2919 pote-

165 2937 380 2979 statem
407 2934 468 2979 et
497 2925 624 2979 eius
662 2924 901 2979 iudices,
926 2926 999 2979 Et
1035 2926 1146 2979 hoc
1184 2943 1298 2979 non
1335 2927 1698 2981 obstantibus
1723 2929 1820 2981 ali-

166 3004 387 3069 quibus
405 3001 844 3069 provisionibus
863 3018 964 3055 seu
991 3002 1495 3057 reformationibus
1517 3004 1649 3057 hinc
1669 3014 1820 3059 retro

165 3080 326 3133 factis
358 3118 373 3140 ,
423 3096 586 3145 quae
634 3078 769 3133 huic
805 3087 1023 3132 statuto
1057 3078 1115 3131 in
1153 3078 1350 3147 aliquo
1387 3080 1706 3135 obviarent.
1748 3083 1820 3136 Et

167 3156 326 3221 quod
371 3171 478 3221 per
515 3155 880 3223 praedictum
927 3155 1250 3221 ingressum
1287 3174 1390 3210 seu
1429 3156 1818 3220 invasionem,

167 3232 396 3286 nullum
435 3232 794 3299 intelligatur
820 3248 946 3285 esse
984 3232 1330 3299 acquisitum
1369 3234 1458 3286 ius
1493 3233 1632 3299 ipsis
1655 3251 1822 3287 occu-

167 3310 476 3375 patoribus
513 3325 624 3363 nec
655 3308 1006 3363 habentibus
1043 3325 1278 3363 causam
1315 3311 1388 3363 ab
1425 3310 1577 3377 ipsiS.

967 3494 1052 3545 55·

203 3608 470 3661 Rubrica
507 3606 664 3673 quod
691 3606 794 3673 qui
823 3606 1224 3659 accusaverint
1253 3606 1321 3659 de
1347 3608 1512 3673 falso
1546 3608 1788 3675 aliquem

246 3686 563 3737 teneantur
585 3682 868 3750 deponere
890 3686 1108 3735 centum
1133 3684 1322 3737 soldos
1344 3684 1747 3752 imperialium.

235 3815 390 3867 Item
431 3810 650 3865 eodem
689 3810 999 3865 millesimo
1035 3810 1347 3865 indictione
1383 3820 1444 3864 et
1479 3828 1678 3866 mense
1713 3822 1824 3867 sta·

171 3898 358 3943 tutum
383 3896 503 3951 est,
525 3887 690 3955 quod
717 3887 766 3941 si
787 3886 994 3955 aliquis
1017 3887 1266 3941 voluerit
1281 3902 1552 3943 accusare
1571 3889 1820 3957 aliquem

173 3966 244 4027 de
268 3964 416 4019 falso
441 3964 856 4028 instrument0‚
885 3963 1046 4031 quod
1073 3980 1191 4017 non
1217 3964 1502 4027 audiatur,
1533 3965 1641 4019 nisi
1665 3966 1822 4032 prius

172 4040 522 4108 deposuerit
541 4049 780 4095 centurn
797 4040 998 4093 soldos
1023 4040 1425 4109 imperialium,
1437 4050 1498 4094 et
1521 4040 1578 4094 in
1597 4050 1822 4097 tantum

174 4118 386 4173 deboet
423 4115 814 4173 condemnari
855 4116 903 4170 si
947 4133 1068 4171 non
1115 4116 1445 4185 probaverit
1487 4118 1704 4172 dictum
1741 4119 1824 4173 in·

173 4202 574 4250 strumentum
610 4210 742 4249 esse
777 4192 1008 4249 falsum.

968 4370 1053 4433 56.

339 4497 612 4552 Rubrica
647 4496 798 4564 quod
827 4496 1012 4549 banna
1046 4495 1116 4548 de
1149 4495 1451 4549 malleticio
1485 4512 1655 4547 cursa

179 4593 350 4644 usque
385 4574 471 4628 ad
511 4578 733 4641 tempus
773 4575 1004 4626 eventus
1043 4573 1095 4625 C
1087 4574 1446 4639 apelatorum
1490 4571 1608 4625 sint
1645 4588 1823 4625 cassa.

245 4716 402 4769 Item
439 4710 656 4765 eodem
696 4709 1003 4763 millesimo
1039 4709 1352 4765 indictione
1388 4718 1448 4763 et
1482 4725 1683 4763 mense
1717 4717 1826 4761 sta—

180 4802 374 4846 tutum
400 4798 515 4851 est,
546 4787 710 4855 quod
747 4794 1005 4853 potestas
1028 4796 1086 4841 et
1110 4786 1445 4853 capitaneus
1480 4786 1746 4841 consules
1771 4795 1828 4839 et

177 4867 412 4923 anciani
468 4864 675 4933 populi
720 4872 780 4919 et
817 4862 1079 4931 quelibet
1124 4862 1430 4930 singularis
1475 4879 1724 4930 persona
1771 4869 1829 4916 et

179 4945 446 5013 quelibet
482 4940 830 4997 universitas
872 4940 1178 5007 collegium
1228 4948 1288 4993 et
1331 4954 1542 5007 corpus
1587 4938 1829 4995 civitatis

181 5032 236 5077 et
269 5020 576 5077 districtus
612 5019 938 5073 Cremonae
974 5016 1228 5071 debeant
1260 5032 1461 5071 curare
1498 5025 1558 5070 et
1592 5033 1828 5082 operam

180 5117 312 5155 cum
351 5096 570 5153 effectu
605 5096 766 5157 dare,
785 5094 946 5163 quod
983 5110 1316 5157 commune,
1343 5094 1593 5161 populus
1617 5101 1677 5147 et
1699 5110 1829 5159 pars

181 5176 466 5231 ecclesiae
503 5173 580 5227 de
617 5172 906 5227 Cremona
949 5178 1102 5225 stent
1137 5179 1195 5224 et
1239 5180 1520 5237 perpetuo
1559 5180 1831 5225 maneant

185 5255 238 5307 in
271 5260 458 5314 statu,
499 5251 724 5303 honore
760 5258 817 5303 et
855 5247 1122 5302 firmitate
1159 5247 1215 5299 in
1252 5247 1470 5315 quibus
1505 5263 1658 5300 nunc
1695 5255 1829 5301 sunt

184 5341 241 5386 et
271 5333 336 5385 in
375 5326 608 5389 maiori,
647 5324 872 5381 meliori
907 5332 968 5379 et
1001 5323 1250 5385 fortiori,
1289 5340 1424 5377 cum
1459 5322 1672 5377 auxilio
1721 5324 1828 5378 Dei

185 5406 610 5475 onnipotentis,
647 5413 852 5459 contra
887 5411 1131 5469 partem,
1169 5416 1451 5469 sequaces
1485 5409 1544 5454 et
1577 5400 1828 5455 fautores

186 5484 448 5553 quodam
491 5480 644 5535 Bosii
681 5480 756 5534 de
783 5478 1034 5533 Dovaria
1071 5486 1130 5531 et
1165 5493 1445 5544 sequaces
1482 5484 1540 5530 et
1575 5476 1828 5531 fautores

1972 442 2118 449 ———-—..

2329 446 2476 453 ——-—
2501 448 2626 453 ———
2653 450 2683 455 --
2717 450 2726 455 -
2813 450 2858 456 ...-
2913 452 3531 461 -———-.—-.----—-———-

1909 551 2087 639 ipsius
2110 556 2285 621 partis
2316 568 2647 623 praesentes
2669 569 2727 615 et
2762 560 3001 624 futuros,
3029 571 3089 617 et
3111 570 3311 615 contra
3332 574 3537 615 omnes

1909 631 2171 684 mimicos
2196 634 2516 687 communis
2551 645 2607 689 et
2632 637 2829 703 populi
2864 645 2922 692 et
2945 639 3121 705 partis
3150 638 3426 693 ecclesiae
3462 638 3537 691 de

1857 756 1861 764 ,
1907 706 2215 762 Cremona.
2256 711 2329 763 Et
2353 712 2511 777 quod
2548 713 2705 766 nulla
2740 731 3003 779 persona,
3033 715 3392 779 universitaS,
3422 715 3535 767 col-

1907 782 2121 849 legium
2151 802 2255 839 nec
2290 803 2499 853 corpus
2526 790 2740 843 audeat
2764 791 2851 843 vel
2889 802 3236 858 praesumat,
3265 792 3419 845 dicto
3444 792 3535 844 vel

1859 913 1862 921 ,
1909 860 2079 923 facto,
2122 861 2317 929 aliquo
2364 866 2541 918 modo
2588 867 2677 920 vel
2721 868 2973 932 ingenio,
3020 869 3249 935 publice
3286 869 3373 921 vel
3430 869 3539 935 pri·

1907 936 2103 1000 vatim,
2142 938 2350 1004 dicere,
2402 942 2589 996 facere
2636 960 2742 998 nec
2786 954 3029 999 tractare
3072 945 3291 1013 aliquid
3340 954 3539 999 contra

1907 1013 2199 1077 praedicta
2221 1018 2311 1070 vel
2347 1019 2405 1071 in
2444 1019 2697 1073 favorem
2732 1023 3157 1087 praedictorum
3184 1022 3274 1076 vel
3298 1022 3537 1075 alicuius

1908 1106 2130 1154 eorum,
2170 1108 2277 1147 nec
2310 1095 2550 1149 consilio
2584 1105 2685 1151 aut
2718 1099 2981 1152 tractatui
3015 1108 3215 1153 contra
3249 1099 3539 1165 praedicta

1909 1166 2203 1222 interesse.
2245 1171 2317 1223 Et
2340 1172 2439 1239 qui
2464 1182 2662 1227 contra
2687 1176 2977 1241 praedicta
3000 1177 3092 1230 vel
3114 1175 3351 1243 aliquod
3380 1192 3539 1242 prae-

1907 1242 2192 1300 dictorum
2218 1248 2307 1299 vel
2346 1248 2401 1301 in
2438 1249 2699 1305 fraudem
2727 1252 2817 1304 vel
2842 1251 3285 1307 diminutionem
3310 1268 3533 1313 eorum,

1858 1357 1862 1372 .
1907 1321 2138 1386 publice
2174 1324 2264 1375 vel
2301 1325 2584 1391 privatim,
2624 1328 2777 1382 dicto
2813 1329 2905 1382 vel
2943 1329 3093 1383 facto
3130 1329 3307 1383 modo
3343 1330 3539 1396 aliquo

1859 1457 1862 1465 ¹
1907 1398 1999 1451 vel
2035 1398 2289 1465 ingeniO,
2328 1418 2501 1455 ausus
2538 1402 2707 1458 fuerit
2730 1407 2820 1458 vel
2847 1406 3297 1472 praesumpserit
3321 1405 3536 1473 aliquid

1907 1474 2095 1529 facere
2132 1477 2221 1529 vel
2256 1486 2497 1533 tractare
2532 1481 2624 1534 vel
2660 1481 2853 1535 dicere
2888 1492 2989 1536 aut
3024 1482 3265 1537 consilio
3302 1483 3393 1536 vel
3428 1490 3539 1535 tra-

1907 1552 2084 1605 ctatui
2118 1553 2412 1619 interesse,
2451 1556 2499 1610 si
2534 1558 2661 1623 capi
2695 1560 2925 1628 pqterit,
2962 1560 3114 1613 illico
3150 1559 3444 1619 moriatur,
3482 1568 3542 1611 et

1906 1629 2063 1682 bona
2097 1630 2223 1683 eius
2255 1632 2628 1688 devastentur
2662 1643 2721 1688 et
2756 1636 3117 1701 publicentur
3152 1644 3211 1689 et
3253 1636 3381 1702 ipso
3416 1636 3539 1689 iure

1908 1705 2219 1761 deveniant
2264 1708 2319 1760 in
2365 1725 2696 1774 commune,
2734 1720 2796 1765 et
2830 1728 2975 1766 uxor
3008 1722 3068 1767 et
3112 1713 3209 1766 filii
3246 1712 3371 1766 eius
3414 1728 3541 1777 per-

1908 1790 2087 1847 petuo
2124 1784 2470 1839 banniantur
2504 1796 2563 1841 et
2596 1788 2956 1854 expellantur
2990 1789 3065 1843 de
3100 1789 3328 1843 civitate
3364 1796 3423 1842 et
3456 1787 3541 1841 di-

1909 1860 2105 1913 strictu
2143 1862 2484 1925 Cremonae,
2524 1864 2571 1917 si
2616 1864 2787 1920 fuerit
2830 1865 3133 1932 singularis
3175 1880 3441 1932 persona,
3480 1874 3539 1917 et

1909 1935 1956 1989 si
1991 1937 2117 2002 capi
2146 1954 2263 1991 non
2288 1948 2502 2005 posset,
2530 1950 2813 2007 perpetuo
2836 1942 3139 1997 banniatur
3166 1942 3288 2008 ipse
3314 1950 3372 1996 et
3396 1958 3540 1995 uxor

1909 2021 1968 2066 et
2002 2013 2103 2067 filii
2138 2014 2263 2068 eius
2296 2025 2356 2069 et
2391 2017 2545 2070 bona
2580 2018 2705 2072 eius
2740 2020 3105 2085 publicentur
3142 2029 3205 2073 ut
3247 2034 3438 2084 supra.
3477 2018 3538 2071 Si

1911 2106 2049 2143 vero
2091 2090 2263 2145 fuerit
2304 2102 2555 2147 castrum
2600 2096 2689 2147 vel
2735 2096 2867 2149 villa
2910 2098 2999 2149 vel
3052 2097 3232 2159 locuS,
3284 2094 3540 2148 funditus

1909 2168 2235 2223 destruatur
2254 2178 2313 2223 et
2330 2186 2535 2224 omnes
2560 2172 2883 2227 habitantes
2902 2173 2959 2225 in
2988 2173 3113 2238 ipso
3132 2172 3261 2225 loco
3280 2180 3399 2226 tam
3426 2188 3542 2224 ma-

1908 2244 2049 2297 sculi
2072 2263 2249 2313 quam
2278 2247 2527 2302 feminae
2562 2258 2845 2315 perpetuo
2883 2249 3230 2303 banniantur
3254 2257 3313 2303 et
3346 2249 3539 2314 expel-

1907 2322 2095 2375 lantur
2130 2324 2205 2377 de
2240 2324 2467 2380 civitate
2511 2336 2568 2379 et
2614 2327 2872 2382 districtu
2912 2326 3254 2390 Cremonae,
3292 2335 3353 2380 et
3387 2326 3541 2379 bona

1909 2415 2113 2453 eorum
2147 2401 2343 2455 omnia
2388 2403 2751 2467 publicentur
2798 2412 2857 2457 et
2900 2404 3027 2470 ipso
3072 2404 3195 2457 iure
3231 2402 3543 2456 deveniant

1912 2475 1968 2529 in
2005 2493 2335 2532 commune.
2372 2479 2433 2531 Si
2470 2496 2609 2533 vero
2642 2480 2813 2534 fuerit
2848 2481 3205 2543 universitas,
3232 2480 3537 2546 collegium

1910 2569 2012 2607 seu
2048 2570 2259 2621 corpus
2294 2556 2479 2610 solvat
2514 2558 2809 2611 communi
2845 2560 3169 2612 Cremonae
3204 2575 3310 2625 pro
3348 2558 3543 2610 banno

1911 2630 2067 2684 mille
2110 2632 2282 2684 libras
2331 2633 2711 2699 imperialium
2748 2644 2806 2689 et
2850 2643 3131 2701 perpetuo
3168 2652 3284 2691 non
3322 2636 3395 2689 sit
3430 2632 3545 2687 col-

1910 2708 2125 2774 legium
2162 2725 2271 2761 nec
2305 2726 2515 2775 corpus
2552 2728 2657 2765 nec
2682 2712 3022 2767 universitas
3060 2729 3165 2766 nec
3202 2712 3540 2779 paraticum.

1915 2786 1987 2838 Et
2020 2802 2227 2839 omnes
2261 2787 2337 2840 de
2374 2788 2511 2853 ipsis
2546 2789 3013 2844 universitatibus
3038 2790 3283 2856 collegio
3310 2789 3399 2841 vel
3424 2804 3547 2841 cor-

1913 2863 2150 2929 poribus
2174 2864 2275 2930 qui
2300 2864 2539 2918 consilio
2558 2866 2647 2919 vel
2671 2866 2933 2920 tractatui
2959 2866 3317 2921 interfuerint
3342 2864 3543 2919 ultimo

1913 2938 2195 3005 supplicio
2215 2940 2552 3003 moriantur,
2576 2943 2727 2995 bona
2746 2958 2948 2997 eorum
2968 2944 3165 2998 omnia
3183 2943 3547 3009 publicentur

1913 3024 1970 3070 et
2007 3016 2133 3082 ipso
2170 3018 2293 3071 iure
2331 3018 2641 3073 deveniant
2686 3019 2741 3072 in
2792 3036 3123 3074 commune.
3169 3020 3228 3073 Si
3268 3035 3403 3073 vero
3448 3034 3549 3086 po—

1914 3102 2090 3147 testas
2126 3094 2213 3146 vel
2251 3096 2604 3161 capitaneus,
2643 3097 2910 3150 consules
2946 3098 3036 3151 vel
3083 3096 3304 3151 anziani
3348 3095 3547 3163 populi

1915 3170 2002 3222 vel
2052 3169 2257 3237 aliquis
2308 3188 2509 3227 eorum
2561 3190 2662 3227 eos
2715 3174 2815 3241 qui
2872 3182 3071 3229 contra
3118 3173 3409 3241 praedicta
3456 3171 3547 3224 vel

1914 3246 2133 3313 aliquid
2171 3248 2598 3313 praedictorum
2635 3251 2723 3303 vel
2772 3251 2831 3303 in
2878 3251 3139 3305 fraudem
3178 3251 3267 3304 vel
3304 3248 3552 3303 diminu-

1913 3324 2133 3377 tionem
2153 3341 2354 3379 eorum
2382 3326 2647 3390 dixerint,
2670 3327 2906 3382 fecerint
2930 3329 3020 3382 vel
3042 3327 3436 3381 consenserint
3457 3324 3549 3379 vel

1918 3408 2224 3455 tractantes
2260 3412 2361 3456 aut
2394 3402 2665 3457 facientes
2701 3414 2901 3459 contra
2944 3404 3236 3472 praedicta
3281 3420 3397 3457 non
3446 3420 3550 3469 pu-

1917 3477 2144 3541 nierint,
2184 3487 2248 3532 ut
2282 3479 2501 3533 dictum
2538 3490 2644 3541 est,
2682 3490 2937 3547 potestas
2964 3492 3023 3535 et
3058 3482 3392 3547 capitaneus
3422 3481 3548 3546 ipso

1917 3554 2041 3607 iure
2076 3556 2189 3610 sint
2224 3556 2427 3623 privati
2474 3558 2783 3623 potestaria
2819 3568 2875 3613 et
2912 3559 3293 3627 capitaneatu,
3332 3567 3391 3611 et
3424 3574 3550 3623 per-

1917 3630 2088 3684 datur
2131 3641 2319 3687 totum
2372 3633 2639 3689 salarium
2698 3652 2870 3689 suum
2916 3644 2973 3689 et
3014 3651 3221 3689 omnes
3265 3651 3357 3687 res
3404 3651 3551 3701 quas

1919 3708 2155 3763 haberet
2192 3709 2247 3763 in
2285 3710 2513 3764 civitate
2549 3720 2607 3765 et
2642 3710 2900 3767 districtu
2937 3713 3278 3765 Cremonae.
3334 3712 3407 3765 Et
3449 3727 3551 3777 po-

1917 3792 2094 3839 testas
2129 3786 2204 3839 de
2240 3787 2546 3853 praedictis
2582 3788 2765 3854 possit
2808 3800 2867 3843 et
2910 3798 3174 3843 teneatur
3210 3788 3395 3842 facere
3430 3788 3551 3840 vin-

1917 3862 2130 3916 dictam
2166 3872 2225 3917 et
2269 3880 2449 3930 penas
2487 3864 2784 3932 imponere
2820 3876 2879 3920 et
2920 3866 3117 3921 omnia
3166 3865 3551 3932 suprascripta

1917 3941 2243 3996 executioni
2281 3940 2556 3997 mandare
2581 3943 2803 4009 absque
2826 3943 3073 4010 collegio
3098 3942 3391 4009 praedicto
3418 3942 3551 3995 Cre·

1918 4034 2127 4071 monae
2151 4026 2209 4072 et
2242 4018 2465 4085 absque
2489 4018 3071 4073 condemnationibus
3106 4028 3163 4075 et
3197 4020 3419 4086 absque
3455 4016 3552 4071 ali-

1916 4111 2038 4163 quo
2089 4094 2329 4149 consilio
2381 4104 2581 4149 contra
2633 4095 2905 4149 familiam
2959 4113 3123 4150 suam
3168 4094 3441 4149 habendo
3493 4103 3552 4149 et

1915 4172 2041 4225 sine
2076 4170 2269 4237 aliqua
2293 4171 2689 4227 admonitione
2723 4172 2859 4226 inde
2884 4173 3095 4237 danda,
3123 4173 3263 4227 infra
3286 4180 3403 4227 tres
3426 4171 3551 4225 dies

1917 4256 2228 4315 postquam
2265 4248 2621 4315 inquisiverit
2657 4259 2715 4303 et
2751 4251 3087 4317 cognoverit
3110 4251 3185 4303 de
3222 4248 3547 4317 praedictis·

1920 4326 1993 4379 Et
2046 4324 2091 4379 si
2142 4334 2397 4391 potestas
2439 4335 2591 4380 esset
2640 4328 2848 4381 absens
2884 4328 2975 4381 vel
3023 4343 3259 4393 presens
3304 4334 3363 4380 et
3408 4325 3551 4379 infra

1918 4402 2144 4457 tertiam
2189 4401 2345 4455 diem
2390 4402 2683 4469 praedicta
2734 4404 3063 4457 executioni
3119 4401 3394 4457 mandare
3446 4402 3551 4455 dif-

1918 4480 2109 4541 ferret,
2148 4496 2221 4533 ex
2255 4489 2391 4533 tunc
2426 4480 2607 4547 possit
2643 4490 2701 4533 et
2737 4480 2947 4534 debeat
2982 4480 3316 4547 capitaneus
3352 4479 3551 4547 populi

1918 4556 2211 4623 praedicta
2247 4557 2443 4611 omnia
2487 4565 2544 4610 et
2590 4557 2815 4623 singula
2868 4557 3047 4611 modo
3092 4557 3386 4625 praedicto
3422 4572 3553 4613 exe-

1920 4632 2138 4687 cutioni
2174 4632 2467 4687 mandare.
2510 4634 2582 4687 Et
2614 4634 2721 4685 hoc
2747 4633 3060 4699 capitulum
3098 4635 3168 4687 sit
3204 4641 3471 4687 truncum
3495 4642 3554 4687 et

1921 4709 2263 4777 praecisum.
2308 4710 2380 4763 Et
2402 4709 2477 4763 de
2506 4711 2613 4763 hoc
2650 4727 2765 4763 non
2804 4711 2985 4776 possit
3020 4711 3137 4777 peti
3175 4727 3281 4765 nec
3310 4710 3429 4764 dari
3457 4727 3552 4779 pa-

1921 4787 2138 4849 rabola,
2175 4795 2234 4841 et
2268 4786 2403 4841 data
2440 4804 2553 4839 non
2592 4785 2797 4841 valeat.

2688 4985 2773 5035 57·

1993 5106 2247 5159 Rubrica
2275 5106 2425 5172 quod
2455 5124 2645 5161 omnes
2673 5110 2771 5174 qui
2800 5124 2861 5161 se
2894 5109 3315 5163 absentaverim
3338 5113 3485 5163 melu

2388 5184 2582 5250 paritis·
2607 5187 2833 5251 possint
2864 5187 3076 5239 redire.

1994 5323 2139 5377 Item
2175 5320 2386 5375 eodem
2424 5322 2728 5376 millesimo
2764 5324 3077 5393 indictione
3114 5332 3172 5375 et
3208 5338 3406 5377 mense
3442 5330 3548 5376 sta-

1922 5406 2112 5453 tutum
2147 5406 2254 5460 est,
2294 5400 2452 5466 quod
2490 5416 2693 5453 omnes
2719 5408 2777 5452 et
2812 5400 3021 5467 singuli
3046 5400 3145 5466 qui
3183 5407 3338 5454 metu
3374 5399 3551 5465 partis

1922 5493 1984 5528 se
2021 5474 2422 5529 absentassent
2458 5492 2491 5529 a
2517 5476 2744 5529 civitate
2768 5485 2827 5530 et
2850 5476 3184 5547 episcopatu
3210 5476 3553 5540 Cremonae,
