4050 6109
1089 281 1586 332 PROVVISIONI
1628 281 1882 331 DELLA
1926 281 2284 331 GABELLA
2330 283 2611 333 MAGNA

164 547 285 604 140.
331 563 416 572 ——-
473 547 658 605 1303,
705 525 796 589 id.
845 526 933 590 ia'.
991 527 1056 600 C,
1099 547 1236 606 137.

247 661 578 723 Provisio
624 662 945 744 gabellae
975 661 1166 744 quod
1197 661 1499 724 debeant
1539 660 1805 742 requiri

167 774 508 836 personae
553 775 737 838 quae
797 755 1016 818 velint
1068 755 1344 818 solvere
1404 753 1640 817 debita
1684 773 1803 836 ga-

167 848 387 911 bellae
457 850 553 912 ad
616 849 978 912 meliorem
1053 847 1526 912 conditionem
1593 866 1804 930 quam

165 940 426 1006 faciunt
451 943 842 1006 creditores
863 952 1288 1024 praesentes.
1312 977 1395 989 —
1413 941 1588 1004 Item
1614 941 1804 1023 quod

157 1035 642 1116 gabellatores
687 1048 758 1101 et
790 1036 1040 1099 fratres
1085 1034 1208 1117 qui
1239 1043 1400 1097 sunt
1429 1035 1520 1097 ad
1563 1043 1803 1116 portas

167 1148 300 1190 non
344 1129 659 1193 debeant
703 1130 1018 1212 recipere
1083 1129 1389 1212 pignora
1451 1147 1581 1208 pro
1627 1147 1802 1190 mer-

163 1223 550 1297 cadandiiS,
583 1225 712 1288 sed
753 1234 1180 1288 mercatores
1226 1223 1525 1285 debeant
1567 1221 1806 1284 incon·

165 1316 410 1379 tinenti
445 1317 728 1380 solvere
760 1338 846 1380 ea
891 1335 1070 1399 quae
1101 1315 1378 1378 debent.
1408 1316 1583 1378 Item
1613 1315 1805 1398 quod

165 1409 372 1491 aliqui
431 1411 950 1492 gabellatorum
1016 1419 1086 1472 et
1148 1407 1441 1472 fratrum
1503 1409 1805 1472 debeant

166 1504 496 1568 continue
539 1525 584 1567 a
627 1525 834 1568 mane
879 1523 1104 1586 usque
1148 1504 1238 1565 ad
1283 1521 1440 1566 sero
1485 1513 1670 1566 stare
1714 1502 1805 1564 ad

165 1608 423 1678 portas.

159 1842 268 1900 141.
311 1856 402 1866 —
459 1839 642 1898 1303,
687 1837 896 1882 marc.
943 1821 1044 1888 26,
1091 1815 1142 1880 I
1149 1862 1164 1888 ,
1216 1814 1261 1879 l.
1300 1814 1686 1888 Cremonae,
1732 1812 1805 1877 in

235 1935 418 1977 cons.
459 1913 615 1998 gab.
669 1912 742 1984 C,
799 1933 935 1992 ¹39·

235 2051 572 2114 Provisio
597 2049 920 2132 gabellae
945 2050 1134 2132 quod
1166 2049 1634 2132 gabellatores
1665 2066 1804 2108 non

160 2147 466 2207 debeant
509 2144 858 2207 sindacari
904 2163 1034 2225 pro
1079 2163 1164 2206 eo
1209 2142 1400 2224 quod
1441 2142 1804 2204 observas-

155 2248 310 2300 sent
332 2237 790 2318 provisiones
805 2247 884 2300 .et
905 2236 1236 2298 fecissent
1265 2233 1568 2298 officium
1602 2253 1804 2296 suum

154 2341 224 2394 et
253 2332 312 2393 si
335 2331 636 2413 aliquod
666 2331 998 2394 damnum
1031 2331 1470 2402 sustinerent,
1503 2328 1804 2391 debeant

157 2424 568 2488 conservari
622 2423 988 2488 indemnes
1051 2424 1137 2486 de
1197 2443 1407 2485 avere
1463 2422 1801 2505 gabellae.

159 2667 278 2727 142.
330 2684 424 2693 —
479 2667 663 2726 1303,
719 2666 925 2708 marc.
985 2645 1058 2708 in
1123 2665 1298 2708 cons.
1346 2663 1504 2728 gen.
1560 2642 1812 2728 populi

233 2746 456 2824 super
490 2738 758 2824 palatio
803 2737 1022 2803 veleri
1069 2738 1452 2803 Cremonae.
1511 2737 1576 2812 C,
1633 2757 1770 2816 140.

127 2955 134 2962 ἱ
231 2876 630 2940 Consilium
677 2876 1020 2956 adprobat
1085 2875 1530 2956 provisiones
1593 2895 1806 2958 super

147 2969 621 3034 diminutione
679 2988 1148 3050 expensarum
1216 2979 1287 3030 et
1347 2977 1804 3050 augumenta-

151 3065 335 3127 tione
413 3063 745 3126 introitus
814 3062 1134 3144 gabellae
1199 3061 1418 3124 factas
1469 3081 1596 3143 per
1643 3071 1803 3124 octo

149 3159 512 3240 sapientes
571 3157 858 3230 0100105,
928 3157 1314 3219 secundum
1379 3153 1805 3218 reformatio-

153 3271 306 3314 nem
356 3250 636 3314 consilii
685 3270 844 3333 gen.
915 3249 1342 3319 communis,
1411 3249 1482 3312 in
1549 3249 1804 3331 quibus

151 3346 322 3407 haec
373 3344 954 3407 continebantur:
1001 3345 1064 3420 a)
1109 3344 1300 3425 quod
1339 3339 1642 3406 officium
1676 3343 1808 3405 sin-

152 3438 284 3500 dici
355 3437 714 3500 foresterii
782 3437 873 3499 sit
933 3437 1320 3510 sublatum;
1367 3434 1423 3516 b)
1471 3436 1660 3518 quod
1705 3455 1807 3498 sa-

154 3533 429 3614 pientes
467 3531 790 3614 gabellae
828 3531 1178 3613 eligantur
1207 3539 1478 3592 tantum
1515 3549 1804 3592 numero

160 3647 260 3704 ²4³
299 3627 358 3706 c)
405 3625 604 3708 quod
634 3623 954 3706 guaitoni
985 3635 1054 3686 et
1084 3622 1456 3686 soldaderii
1489 3623 1804 3706 gabellae

155 3721 290 3782 sint
358 3719 654 3792 remoti;
709 3717 780 3798 d)
848 3719 1034 3799 quod
1082 3737 1438 3798 expensae
1484 3717 1805 3798 gabellae

157 3812 320 3878 fiant
367 3813 820 3878 solummodo
865 3811 937 3874 in
1003 3811 1284 3874 casibus
1353 3810 1473 3892 qui
1541 3809 1804 3874 ibidem

156 3907 602 3970 denotantur.

152 4129 288 4188 143..
337 4145 424 4154 —-
477 4128 663 4187 1303,
709 4113 860 4192 apr.
901 4127 993 4188 14,
1034 4107 1084 4180 l,
1116 4112 1326 4192 super
1365 4105 1626 4190 palatio
1667 4129 1792 4192 ga-

235 4201 446 4265 bellae
503 4202 895 4266 Cremonae.
939 4201 1006 4274 C,
1064 4223 1202 4279 141.

233 4338 570 4402 Provisio
617 4338 940 4418 gabellae
985 4338 1178 4420 quod
1231 4335 1410 4400 firmi
1457 4338 1597 4402 sint
1641 4357 1802 4402 con·

158 4443 422 4495 tractus
469 4430 640 4492 facti
703 4449 834 4510 per
893 4450 1262 4492 commune
1322 4441 1391 4493 et
1450 4432 1800 4512 gabellam

161 4526 242 4587 de
289 4545 462 4603 3100
491 4522 694 4586 libris
741 4533 814 4586 et
865 4541 1026 4602 1550
1057 4522 1252 4586 libris
1285 4543 1443 4585 cum
1474 4523 1800 4605 Philippo

160 4618 242 4679 de
287 4616 661 4699 Capriaria
708 4616 794 4678 de
839 4615 1130 4678 Mantua
1175 4628 1244 4680 et
1289 4616 1674 4680 Lanfranco
1715 4619 1801 4681 de

161 4709 372 4792 Capo,
396 4710 724 4794 Nigrello
752 4710 840 4771 de
863 4707 1062 4782 Luni,
1089 4710 1177 4773 de
1195 4709 1545 4784 Venecii5‚
1571 4709 1800 4784 500115,

157 4815 226 4866 01
259 4804 564 4867 Daniele
595 4804 686 4865 de
715 4801 1082 4865 Casamala
1123 4814 1197 4866 et
1239 4803 1450 4866 sociis
1481 4805 1570 4866 de
1599 4804 1802 4866 dacio

161 4897 350 4960 salis,

161 5123 281 5181 144.
327 5139 414 5148 —-
471 5123 654 5182 1303,
701 5107 850 5186 apr.
887 5121 986 5179 23,
1023 5101 1077 5172 Ι,
1121 5101 1504 5166 Cremonae.
1549 5102 1615 5172 C,
1665 5122 1802 5181 142.

241 5238 696 5302 Reformatio
769 5238 1092 5320 gabellae
1159 5238 1350 5318 quod
1421 5236 1546 5301 fiat
1607 5257 1802 5320 prae-

3406 293 3523 352 149

1904 527 2345 607 expendatur
2372 526 2443 588 in
2466 527 2761 590 emendo
2793 507 3074 591 blavam
3097 527 3532 592 foresteriam

1904 631 1976 683 et
2002 620 2075 681 in
2107 620 2447 682 solvendo
2493 620 2767 684 dacium
2813 621 3148 685 eiusdem.

1903 857 2029 918 145.
2088 875 2171 884 -
2236 857 2413 916 1303,
2471 838 2647 900 mad.
2694 857 2752 917 5,
2800 839 2859 912 I,
2920 837 2962 902 l.
3029 839 3412 911 Cremonae,
3458 837 3535 902 in

1977 931 2185 1016 pleno
2219 951 2380 1016 gen.
2422 952 2598 995 cons.
2634 931 2899 1016 populi.
2956 932 3022 1008 C,
3079 953 3214 1013 143.

1986 1067 2308 1130 Ρ1ον1510
2382 1068 2703 1150 gabellae
2773 1069 2963 1149 quod
3028 1079 3176 1131 tota
3238 1067 3538 1149 pecunia

1902 1161 2344 1242 expendatur
2387 1162 2614 1224 solum
2657 1161 2729 1222 in
2775 1162 3069 1224 emendo
3113 1163 3390 1224 blavam
3436 1160 3537 1224 fo-

1901 1253 2263 1317 resteriam
2311 1264 2380 1318 et
2437 1255 2509 1316 in
2569 1255 2911 1317 solvendo
2963 1255 3256 1330 dacium,
3319 1255 3537 1318 salvis

1902 1347 2255 1410 nonnullis
2286 1347 2751 1410 solutionibus
2783 1347 3119 1411 faciendis
3150 1349 3536 1412 secundum

1901 1441 2339 1520 provisiones
2384 1442 2642 1504 mensis
2686 1441 2948 1514 marcii,
3002 1462 3180 1522 1303,
3227 1442 3301 1516 C,
3356 1463 3491 1522 140.

1903 1684 2029 1758 146.
2077 1715 2159 1724 -
2212 1699 2390 1758 1303,
2424 1678 2567 1742 iun.
2604 1701 2703 1752 22,
2736 1677 2779 1742 l.
2814 1677 2888 1743 in
2918 1679 3109 1743 domo
3136 1679 3443 1766 gabellae
3470 1685 3544 1743 et

1993 1793 2070 1850 23
2104 1770 2177 1836 in
2208 1793 2382 1835 cons.
2407 1793 2567 1856 gen.
2588 1772 2839 1858 populi
2872 1773 3255 1838 Cremonae.
3296 1774 3366 1846 C,
3395 1796 3533 1853 144.

1986 1909 2309 1974 Provisio
2340 1910 2658 1992 gabellae
2689 1930 2829 1992 qua
2860 1911 3104 1974 eadem
3134 1921 3537 1974 statuuntur

1905 2022 2083 2084 quae
2129 2003 2199 2066 in
2246 2003 2589 2066 sententia
2642 2023 2713 2084 19
2758 2003 2899 2066 iun.
2954 2025 3132 2083 1303,
3178 2004 3263 2076 D,
3299 2024 3396 2084 35,
3432 2025 3535 2084 37,

1906 2097 2369 2159 001111110111111.

1903 2336 2028 2397 147.
2073 2353 2155 2362 -
2210 2337 2388 2396 1303,
2436 2315 2560 2380 iun
2608 2335 2706 2396 25,
2752 2317 2808 2392 J,
2855 2316 2900 2381 l.
2942 2323 3152 2402 super
3183 2317 3373 2380 domo
3410 2285 3537 2402 ξα-

1988 2409 2193 2473 bellae
2245 2410 2629 2474 Cremonae.
2686 2409 2752 2485 C,
2808 2429 2945 2490 145.

1987 2544 2309 2608 Provisio
2356 2546 2675 2628 gabellae
2722 2547 2914 2628 quod
2957 2545 3202 2611 firmus
3245 2547 3337 2611 sit
3372 2568 3536 2610 con-

1903 2647 2167 2702 tractus
2237 2638 2463 2702 factus
2534 2659 2662 2720 per
2732 2639 3079 2704 sindicum
3146 2640 3538 2704 communis

1903 2751 2065 2796 cum
2086 2732 2419 2814 Egidiolo
2446 2733 2537 2796 de
2564 2733 2899 2798 Persicho
2932 2743 3001 2796 et
3032 2732 3413 2798 Oldofredo
3450 2734 3541 2798 de

1903 2825 2387 2889 Roncharollo
2434 2827 2521 2888 de
2562 2825 2867 2890 denariis
2904 2838 3147 2890 mutuo
3206 2828 3539 2908 acceptiS,

1905 2919 2285 3000 obligando
2332 2919 2433 2982 eis
2478 2939 2723 2982 omnes
2766 2919 3091 2982 introitus
3138 2921 3479 3003 gabellae.

1905 3161 2031 3235 148.
2076 3195 2153 3208 -
2210 3177 2387 3235 1303,
2434 3155 2579 3220 iun.
2636 3163 2734 3231 28,
2794 3157 2853 3232 I,
2908 3155 2952 3220 l.
3014 3154 3087 3220 in
3146 3179 3322 3222 eonS.
3378 3179 3538 3242 gen.

1978 3249 2231 3335 populi
2278 3251 2664 3315 Cremonae.
2720 3251 2787 3325 C,
2845 3255 2981 3329 146.

1990 3385 2313 3448 Provisio
2360 3387 2680 3468 gabellae
2726 3387 2916 3469 quod
2958 3407 3331 3470 processus
3375 3386 3539 3450 facti

1904 3497 2032 3558 per
2074 3480 2365 3542 abbates
2410 3491 2479 3542 et
2524 3481 2877 3562 sapientes
2924 3493 3166 3544 contra
3210 3479 3541 3562 Quirinos

1905 3571 2119 3634 robur
2164 3572 2614 3654 plenissimae
2658 3572 3008 3637 firmitatis
3052 3573 3434 3638 obtineant.
3468 3583 3539 3637 et

1906 3683 2149 3727 omnes
2195 3664 2529 3728 officiales
2574 3667 2875 3728 debeant
2907 3686 3027 3747 eos
3058 3669 3437 3730 observare
3468 3678 3539 3731 et

1904 3758 2265 3821 observari
2312 3757 2543 3821 facere
2588 3767 2657 3821 et
2694 3759 2833 3822 sint
2864 3760 3168 3822 absoluti
3199 3762 3286 3822 ab
3319 3760 3540 3822 omni-

1904 3854 2037 3914 bus
2082 3851 2655 3934 requisitionibus
2708 3851 3177 3934 Quirinorum,
3236 3873 3365 3916 nec
3423 3854 3541 3915 de-

1905 3946 2115 4007 beant
2172 3945 2490 4026 accipere
2562 3945 2869 4027 aliquam
2936 3947 3346 4027 petitionem
3408 3967 3539 4010 nec

1903 4037 2131 4101 facere
2174 4039 2477 4120 aliquem
2520 4059 2927 4120 processum
2974 4053 3218 4103 contra
3247 4043 3539 4105 abbates

1904 4140 1972 4194 et
2048 4132 2397 4213 sapientes
2472 4133 2563 4194 de
2633 4133 3033 4214 praedictis,
3105 4134 3279 4196 Item
3347 4135 3539 4215 quod

1903 4225 2137 4288 nullus
2201 4227 2457 4288 audeat
2514 4225 2744 4289 facere
2802 4227 3106 4309 aliquam
3166 4226 3539 4290 denuncia-

1901 4317 2163 4382 tionem
2207 4339 2386 4400 quae
2431 4317 2657 4382 irritet
2708 4319 2974 4402 aliquid
3026 4320 3099 4383 111
3157 4321 3391 4404 aliquo
3448 4322 3537 4384 de

1901 4411 2295 4492 praedictis,
2340 4412 2517 4474 Item
2573 4414 2765 4495 quod
2822 4414 3073 4476 iterum
3119 4413 3241 4477 fiat
3286 4413 3537 4477 electio

1903 4506 1989 4567 de
2044 4524 2119 4566 10
2164 4505 2595 4587 sapientibus
2628 4507 2946 4588 gabellae
2981 4527 3108 4589 per
3152 4507 3538 4589 quamlibet

1900 4611 2173 4680 portam
2234 4597 2391 4682 (Cfr.
2450 4599 2472 4660 i
2526 4599 2679 4662 doc.
2742 4601 2855 4663 del
2920 4599 3088 4664 Cod.
3130 4601 3218 4675 D,
3273 4622 3315 4664 a
3368 4620 3537 4683 que-

1903 4694 2173 4755 st’anno
2218 4693 2488 4772 stesso).

1901 4933 2027 4992 149.
2074 4950 2157 4958 —
2209 4933 2386 4991 1303,
2433 4911 2554 4976 iul.
2604 4917 2703 4986 26,
2750 4913 2805 4985 I,
2844 4911 2887 4976 l.
2918 4921 3128 4998 super
3157 4914 3349 4977 domo
3372 4911 3529 4998 gab.

1998 5007 2381 5070 Cremonae.
2438 5007 2505 5080 C,
2562 5027 2697 5086 147.

1984 5143 2306 5208 Provisio
2337 5145 2657 5228 gabellae
2689 5146 2878 5226 quod
2914 5145 3335 5226 represaliae
3375 5163 3536 5206 con-

1899 5249 2010 5302 tra
2052 5238 2561 5321 Pergamenses
2606 5239 3126 5319 suspendantur
3180 5257 3404 5320 usque
3448 5237 3541 5300 ad

159 5333 399 5403 stacio,
425 5352 571 5396 non
603 5331 883 5403 soluti0,
916 5331 1390 5414 stipendiariis
1414 5333 1801 5396 communis
1899 5341 2125 5396 totum
2212 5351 2523 5396 mensem
2606 5330 2921 5394 ianuarii.
3000 5331 3109 5416 (V.
3188 5351 3249 5396 a.
3340 5351 3489 5411 1301
3520 5379 3539 5408 ,

161 5435 230 5488 et
273 5436 422 5490 tota
447 5425 760 5508 pecunia
802 5444 982 5506 quae
1017 5425 1384 5506 perveniet
1421 5424 1494 5488 in
1525 5426 1805 5509 gabella
1901 5435 2079 5507 sept.
2130 5427 2253 5506 21).
