4050 6109
1097 296 1590 346 PROVVlSIONI
1637 298 1889 346 DELLA
1935 297 2291 344 GABELLA
2342 297 2621 346 MAGNA

177 555 268 615 35.
313 573 400 582 -
455 558 636 616 1297,
685 543 890 602 mart.
939 560 1038 616 30,
1087 541 1179 610 X,
1236 540 1620 610 Cremonae,
1645 538 1688 602 l.
1737 538 1808 600 in

253 651 436 692 cons.
475 631 804 713 gabellae.
859 633 930 696 C.
979 637 1082 711 48.

253 765 584 829 Provisio
616 766 940 848 gabellae
965 769 1156 849 quod
1181 769 1500 830 homines
1531 768 1810 831 Laudae

75 939 80 944 ⁸
175 861 452 922 solvant
487 880 622 941 pro
667 862 814 924 sale
861 873 930 923 et
973 861 1128 923 aliis
1173 861 1680 924 mercadandiis
1713 875 1810 924 to-

173 967 312 1016 turn
361 954 544 1016 illud
580 955 775 1036 quod
819 955 1095 1017 solvere
1127 956 1384 1018 debent
1429 956 1806 1017 secundum

171 1047 459 1108 formam
533 1059 959 1110 statutorum
1015 1049 1403 1110 communis
1449 1060 1519 1110 et
1579 1051 1809 1130 provi-

173 1141 444 1202 sionum
517 1142 841 1222 gabellae
907 1141 1329 1214 Cremonae,

174 1246 696 1298 consueverunt
734 1237 1120 1299 secundum
1151 1237 1670 1300 concessionem
1708 1237 1809 1298 eis

173 1328 421 1391 factam
485 1331 554 1409 (7
624 1331 800 1392 sold.
863 1341 934 1392 et
1003 1351 1022 1392 1
1085 1331 1240 1392 den.
1307 1350 1436 1410 pro
1497 1330 1810 1411 quolibet

171 1422 402 1484 modio
449 1424 666 1504 salis).

171 1615 258 1687 36.
304 1647 389 1659 -
447 1631 632 1690 1297,
685 1609 859 1672 mad.
919 1614 1018 1684 16,
1067 1610 1157 1681 Χ,
1215 1607 1257 1670 l
1326 1609 1694 1672 Cremonae
1737 1609 1808 1672 in

247 1726 428 1766 c.ons
469 1703 800 1788 gabellae.
858 1705 925 1776 C,
973 1725 1074 1783 49.

247 1843 579 1905 Provisio
624 1843 950 1924 gabellae
994 1861 1123 1922 pro
1153 1839 1473 1903 faciendo
1506 1851 1809 1902 mercato

171 1957 320 1998 cum
368 1938 658 2000 duobus
726 1934 1232 1998 mercatoribus
1277 1935 1658 1998 Cremonae
1727 1935 1811 1996 de

171 2032 636 2092 conducendo
696 2031 784 2090 de
829 2028 1148 2091 Venetiis
1208 2030 1298 2090 ad
1353 2039 1638 2108 pontem
1687 2047 1807 2088 seu

171 2137 448 2205 portum
496 2122 672 2186 Padi
709 2143 827 2202 150
871 2121 1144 2184 modios
1190 2122 1355 2184 salis
1404 2122 1806 2190 Sardescae,
1859 2134 1863 2143 ·

171 2219 596 2300 quibusdam
643 2217 871 2298 pactis
916 2227 984 2278 et
1031 2216 1577 2279 condicionibus,

170 2451 260 2509 37.
305 2469 388 2478 —-
447 2451 630 2510 1297,
671 2429 816 2492 iun.
867 2451 921 2507 3,
966 2431 1057 2502 X,
1097 2429 1138 2491 l.
1187 2429 1256 2490 in
1297 2450 1472 2491 cons.
1512 2427 1812 2511 gabellae

259 2525 658 2588 Cremonae.
717 2525 782 2596 C,
833 2545 931 2603 50.

249 2662 581 2724 Provisio
629 2662 950 2743 gabellae
983 2680 1194 2741 super
1225 2661 1522 2742 quadam
1555 2679 1810 2741 magna

171 2756 564 2834 quantitate
634 2755 942 2817 carnium
1008 2755 1343 2816 siccarum
1400 2773 1520 2815 seu
1589 2773 1809 2816 meze·
1859 2772 1862 2807 ι

171 2868 416 2912 narum
463 2869 864 2932 porcorum,
900 2868 1107 2929 quam
1143 2847 1355 2930 aliqui
1390 2858 1809 2910 mercatores

173 2943 505 3008 volebant
554 2946 812 3007 ducere
859 2945 946 3006 de
993 2963 1237 3004 versus
1285 2942 1652 3004 venecias.

171 3155 258 3227 38.
289 3186 382 3196 -
423 3169 606 3227 1297,
640 3147 786 3210 iun.
822 3153 879 3220 8,
915 3149 1004 3218 Χ,
1032 3147 1073 3209 l.
1123 3147 1503 3218 Cremonae,
1531 3145 1604 3208 in
1630 3167 1804 3208 cons

237 3241 572 3328 gabellae.
632 3243 699 3316 C,
735 3262 770 3320 5
786 3264 806 3303 1
823 3291 836 3304 .

246 3381 579 3444 Provisio
626 3379 946 3462 gabellae
993 3379 1182 3461 quod
1225 3389 1448 3442 totum
1500 3379 1572 3440 id
1618 3372 1862 3460 quod·

171 3487 508 3538 statutum
546 3473 680 3536 fuit
711 3473 783 3536 in
828 3471 1189 3554 praedicta
1232 3472 1636 3552 provisione
1668 3491 1805 3534 ser·
1855 3476 1860 3559 ξ

171 3583 366 3632 vetur
413 3570 486 3630 in
535 3568 1100 3650 quibuscumque
1145 3566 1647 3629 mercatoribus
1688 3587 1805 3627 vo·
1855 3572 1860 3613 ³

3422 305 3535 364 133

1859 567 1864 581 ·
1912 537 2231 618 gabellae
2276 539 2484 600 Petro
2540 538 2863 602 dominae
2922 537 3201 602 Granae
3262 539 3349 602 de
3414 538 3540 600 Pe-

1859 624 1864 699 ἶ
1911 631 2103 694 rusio
2170 632 2255 694 de
2328 631 2629 694 denariis
2694 633 2779 694 de
2846 633 3103 714 quibus
3162 631 3225 694 ei
3293 631 3539 694 dandis

1912 725 2297 787 existerant
2362 723 2733 788 reformata
2798 725 3089 788 consilia
3156 725 3539 788 communis

1912 829 1980 880 et
2034 818 2275 899 populi
2333 819 2713 882 Cremonae
2773 831 2843 882 et
2906 820 3113 882 etiam
3176 819 3541 882 credencia

1909 913 2171 993 populi,
2218 933 2345 975 nec
2392 913 2455 974 ei
2500 911 2651 975 fieri
2699 913 3174 994 compensatio
3222 913 3290 975 in
3322 913 3539 976 daciis

1913 1026 2092 1086 quae
2141 1006 2289 1086 ipse
2340 1007 2589 1070 Petrus
2634 1019 2702 1070 et
2748 1007 3075 1070 Catanius
3122 1019 3191 1070 et
3234 1007 3407 1070 socii
3453 1009 3539 1070 de

1399 1153 1468 1204 et
1535 1144 1809 1204 solvere
1857 1103 1862 1187 j
1910 1099 2263 1161 Florentia
2323 1101 2597 1162 solvere
2656 1111 3056 1164 tenerentur
3106 1121 3234 1182 pro
3280 1122 3539 1164 merca„

1909 1192 2216 1255 tionibus
2269 1214 2442 1274 quas
2510 1195 2843 1257 ducerent
2911 1195 3023 1257 vel
3090 1197 3537 1258 extraherent

1859 1292 1862 1339 ἔ
1911 1286 1997 1348 de
2044 1287 2327 1348 civitate
2373 1287 2479 1368 (V.
2526 1309 2585 1350 a.
2644 1308 2819 1366 1297,
2867 1309 3074 1350 marc.
3130 1291 3245 1366 11).

1859 1520 1862 1531 .
1909 1493 1994 1550 41.
2042 1510 2125 1519 —
2181 1494 2355 1553 1297,
2412 1494 2569 1556 aug.
2621 1495 2718 1554 27,
2787 1476 2870 1549 X,
2934 1474 2975 1537 l.
3042 1476 3409 1540 Cremonae
3462 1477 3533 1539 in

1995 1589 2169 1629 cons.
2210 1567 2531 1650 gabellae.
2590 1570 2655 1640 C,
2707 1589 2804 1648 54.

1997 1705 2319 1768 Provisio
2386 1707 2707 1788 gabellae
2762 1708 2953 1788 quod
3021 1709 3299 1790 glareae
3346 1709 3538 1782 Padi,

1913 1819 2093 1880 quae
2140 1799 2317 1861 inter
2362 1801 2729 1862 terminum
2773 1811 3107 1864 statutum
3140 1823 3279 1865 non
3312 1814 3537 1865 osten-

1913 1893 2163 1955 dentur
2207 1914 2359 1955 esse
2386 1895 2472 1956 de
2518 1894 2666 1958 iure
2698 1895 2991 1958 alicuius
3037 1917 3400 1978 personae,
3435 1918 3536 1960 re-

1913 1987 2119 2048 deant
2166 1988 2254 2049 ad
2300 1987 2667 2068 gabellam.

1910 2191 2006 2248 42.
2054 2209 2138 2218 —-
2193 2193 2369 2252 1297,
2396 2177 2561 2256 sept.
2586 2195 2678 2247 11,
2700 2175 2788 2245 X,
2808 2173 2853 2236 l.
2872 2196 2942 2236 m
2960 2197 3135 2238 cons.
3154 2175 3454 2258 gabellae
3476 2180 3543 2238 et

1998 2265 2105 2328 dte
2135 2285 2204 2344 15
2233 2287 2305 2328 m
2332 2287 2507 2328 conS.
2527 2288 2685 2350 gen.
2708 2289 2935 2330 comm.
2968 2269 3311 2333 Cremone.
3342 2271 3407 2342 C,
3436 2290 3537 2350 45.

1995 2402 2316 2464 Provisio
2348 2405 2661 2484 gabellae
2708 2405 2943 2486 quod
2929 2425 2998 2467 1n
3028 2407 3367 2486 proximis
3405 2407 3537 2470 ele-

1912 2496 2259 2559 ctionibus
2307 2497 2699 2578 sapientum
2746 2519 2883 2560 non
2928 2499 3151 2579 possit
3197 2500 3363 2583 eligi
3418 2501 3538 2563 ali-

1912 2590 2070 2672 quis
2137 2603 2421 2664 10110115,
2469 2613 2510 2653 0
2556 2603 2856 2674 quatuor
2922 2594 3279 2656 mensibus
3347 2596 3537 2668 citra,

1911 2685 2183 2766 glareas
2230 2685 2420 2752 Padi.
2473 2706 2599 2768 per
2644 2707 2717 2748 se
2766 2687 2879 2748 vel
2938 2707 3065 2768 per
3110 2687 3321 2750 alium
3349 2738 3363 2758 ,
3412 2709 3538 2751 nec

1909 2790 2111 2858 pater
2157 2799 2285 2840 nec
2318 2778 2501 2842 filius
2533 2800 2660 2842 nec
2709 2779 2962 2855 frater;
3009 2793 3076 2843 et
3108 2782 3297 2863 quod
3336 2781 3538 2844 electi

1911 2883 2276 2946 teneantur
2322 2873 2601 2936 vinculo
2648 2873 3009 2937 iuramenti
3037 2873 3263 2937 facere
3294 2895 3536 2956 perve-

1909 2965 2078 3039 nire,
2126 2985 2252 3028 suo
2283 2986 2510 3047 posse,
2545 2968 2765 3030 dictas
2812 2968 3083 3049 glareas
3117 2966 3293 3030 infra
3324 2989 3534 3031 unum

1909 3079 2217 3122 mensem
2264 3061 2353 3121 ad
2398 3081 2785 3122 commune.

1857 3228 2001 3357 Ξ.43
2048 3293 2115 3302 -
2164 3276 2339 3336 1297,
2378 3261 2497 3318 oct.
2532 3262 2667 3320 bet
2704 3279 2793 3332 12,
2830 3257 2959 3330 XI,
3010 3257 3050 3321 l.
3084 3257 3157 3320 in
3203 3280 3380 3322 com.
3406 3280 3529 3344 ga-

1992 3348 2195 3412 bellae
2238 3355 2306 3412 et
2346 3372 2416 3412 m
2462 3371 2637 3414 cons.
2677 3373 2833 3434 ξω
2880 3373 3107 3416 comm.
3144 3353 3530 3416 Cremonae.

2001 3446 2069 3516 C
2118 3449 2219 3524 46.

1991 3579 2310 3644 Provisio
2357 3582 2673 3663 gabellae
2718 3582 2907 3664 quod
2958 3581 3185 3644 omnis
3242 3581 3539 3662 pecunia

170 3664 472 3726 lentibus
507 3663 902 3724 conducere
935 3681 1254 3723 mezenas
1298 3680 1422 3741 per
1453 3659 1802 3722 civitatem
1906 3693 2087 3755 quae
2132 3672 2210 3738 fit
2254 3695 2345 3736 ex
2394 3674 2795 3736 venditione
2841 3675 3003 3737 salis
3050 3676 3302 3738 debeat
3356 3676 3537 3737 solu-

171 3771 232 3820 et
275 3757 678 3820 districtum
721 3753 1125 3818 Cremonae.

169 3983 258 4042 39.
301 4001 388 4012 --
443 3985 629 4044 1297,
693 3962 814 4026 ml.
880 3983 978 4040 23,
1031 3964 1120 4036 X,
1177 3962 1572 4032 Cremonae,
1633 3959 1676 4022 l.
1729 3981 1800 4021 m

247 4057 536 4121 consi'lzo
575 4056 899 4142 generali
936 4055 1330 4118 communis.
1388 4055 1452 4124 C,
1503 4075 1602 4132 52.

249 4189 580 4253 Provisio
661 4188 983 4271 gabellae
1062 4188 1253 4270 quod
1328 4207 1564 4249 rursus
1645 4186 1802 4248 affi-
1851 4212 1856 4283 Ι

172 4295 438 4347 010111111·
463 4283 770 4346 (1011111115
797 4284 882 4345 (10
915 4281 1252 4344 Branchis
1281 4301 1406 4362 per
1429 4281 1602 4342 alios
1627 4281 1801 4342 duos
1851 4286 1856 4337 Ι

171 4399 380 4441 annos
441 4377 765 4440 redditus
812 4377 1044 4439 curiae
1109 4375 1441 4438 Luzariae
1503 4387 1572 4436 et
1623 4377 1805 4436 bona

171 4473 716 4536 bandezatorum
771 4471 840 4532 in
901 4472 1142 4533 eadem
1204 4470 1529 4542 100011105,
1595 4480 1670 4531 111
1729 4469 1798 4530 111
1851 4438 1856 4543 1

1851 4576 1856 4639 ξ
1903 4579 2117 4623 unum
2164 4571 2433 4624 tantum
2500 4581 2799 4632 annum,
2860 4563 3051 4644 quod
3116 4575 3537 4626 mercatores

181 4587 348 4648 1295,
397 4569 554 4630 dee.
605 4585 706 4644 29.

173 4773 260 4830 40.
307 4789 384 4800 —
447 4772 628 4832 1297,
680 4769 838 4833 aug.
887 4753 945 4822 8,
1001 4751 1090 4824 X,
1149 4751 1531 4812 Cremonae.
1589 4749 1652 4818 C,
1701 4767 1799 4824 53.

249 4890 576 4954 Provisio
623 4888 945 4972 gabellae
990 4888 1180 4970 quod
1225 4888 1500 4968 glareae
1560 4905 1802 4948 omnes

174 5005 210 5046 a
247 4997 464 5067 ponte
511 5003 730 5066 supra
776 4992 846 5044 et
892 4980 1088 5055 infra,
1135 4981 1315 5044 inter
1359 4990 1650 5062 utraque
1697 4999 1802 5041 ca-

173 5080 388 5154 1101110,
419 5078 805 5142 deveniant
836 5077 907 5139 in
937 5087 1354 5159 potestatem
1385 5074 1703 5157 gabellae
1736 5083 1804 5135 et

177 5193 506 5236 00111111115.

247 5267 703 5330 Reformatio
759 5265 1116 5349 gabellae,
1172 5264 1584 5327 auctoritate
1645 5282 1804 5324 con-
1853 5262 1857 5296 ²

177 5362 296 5424 silii
351 5383 424 5424 12
469 5361 914 5442 sapientium,
940 5360 1058 5443 qui
1099 5361 1188 5422 ad
1220 5361 1353 5420 hoc
1389 5358 1591 5420 electi
1624 5369 1804 5427 sunt,
1853 5384 1857 5401 ·

1904 3769 2110 3829 modo
2156 3767 2463 3849 expendi
2510 3767 2580 3830 in
2626 3767 2969 3830 emciones
3017 3768 3201 3842 saliS,
3240 3779 3309 3830 et
3347 3768 3537 3850 quod

1904 3862 2004 3924 sal
2052 3872 2321 3924 ematur
2366 3872 2432 3924 et
2493 3865 2919 3926 conducatur
2981 3862 3347 3925 solumodo
3406 3882 3535 3942 per

1851 3940 2251 4063 gabellam
2298 3968 2369 4019 et
2412 3977 2553 4018 non
2598 3977 2723 4038 per
2769 3969 3209 4020 mercatoreS.

1852 4128 1998 4222 Ι44.
2044 4179 2127 4192 --
2180 4150 2335 4224 1298
2381 4149 2567 4227 (1297
2617 4144 2787 4226 ma),
2833 4143 2971 4208 ian.
3008 4166 3042 4226 5
3082 4151 3149 4208 et
3201 4167 3292 4224 13,
3344 4149 3432 4218 X,
3488 4146 3533 4210 l.

1985 4237 2061 4300 in
2102 4259 2281 4300 cons,
2304 4239 2455 4320 gab.
2504 4245 2573 4302 et
2598 4239 2671 4302 in
2700 4260 2877 4302 cons.
2914 4259 3072 4324 gen.
3105 4260 3334 4302 comm.
3370 4241 3527 4303 Cre-

1989 4352 2243 4394 monae.
2297 4331 2366 4404 C,
2418 4353 2517 4410 23.

1988 4467 2309 4529 Provisio
2332 4469 2671 4550 gabellae,
2697 4489 2875 4550 quae
2894 4469 3145 4531 debeat
3165 4472 3397 4532 valere
3414 4489 3541 4551 per

1905 4655 2391 4736 undecumque
2431 4655 2565 4717 sint
2596 4657 2898 4718 habeant
2942 4656 3217 4737 plenam
3252 4657 3535 4719 sicurta-

1903 4759 2043 4810 tem
2092 4750 2159 4809 in
2207 4770 2415 4811 avere
2462 4761 2529 4810 et
2574 4749 2893 4830 personis
2939 4751 3167 4812 standi
3214 4751 3537 4812 veniendi

1851 4811 1856 4903 1
1904 4851 1973 4902 01
2018 4842 2355 4904 redeundi
2411 4842 2851 4916 Cremonam,
2907 4844 3224 4925 exceptis
3278 4845 3538 4906 bande·

1903 4935 2073 4998 zatis
2132 4948 2199 4999 et
2259 4936 2624 5000 confinatis
2682 4937 2985 5000 civitatis
3042 4950 3112 5001 et
3159 4938 3537 5000 districtus·

1853 5164 1858 5236 Ι
1902 5142 1998 5203 45.
2050 5159 2121 5169 --
2182 5129 2337 5203 1298
2386 5127 2571 5206 (1297
2621 5123 2791 5206 ina),
2832 5125 3020 5210 febr.
3070 5145 3126 5206 5,
3176 5127 3304 5200 XI,
3368 5125 3411 5190 l.
3460 5126 3533 5188 in

1987 5239 2164 5282 cons.
2200 5216 2353 5302 gab.
2407 5219 2793 5282 Cremonae.
2851 5220 2918 5294 C,
2968 5241 3067 5300 25.

1989 5354 2307 5418 Provisio
2354 5357 2545 5438 quod
2590 5355 2837 5418 notarii
2873 5357 3189 5438 gabellae
3236 5359 3535 5422 debeant

180 5457 354 5537 quod
423 5475 570 5519 non
637 5465 874 5538 potest
940 5453 1090 5517 fieri
1150 5452 1403 5516 solutio
1451 5454 1536 5513 de
1596 5471 1804 5513 avere
1851 5416 1858 5532 f
1902 5451 2160 5513 habere
2224 5469 2354 5531 pro
2415 5448 2771 5512 laboribus
2848 5451 2947 5512 eis
3023 5451 3532 5532 superadditiS,
