4050 6109
1056 299 1554 351 PROVVISIONI
1598 299 1852 350 DELLA
1896 299 2255 350 GABELLA
2297 300 2579 352 MAGNA

140 551 230 625 98.
271 581 358 592 —
411 565 597 624 1300,
646 545 780 609 dec.
816 566 916 624 3ο,
962 545 1177 618 XIV,
1222 543 1266 608 l.
1300 543 1666 608 Cremonae
1695 540 1770 604 in

219 659 398 702 cons.
435 637 765 724 gabellae.
821 639 888 710 C,
946 659 1084 717 123.

217 774 544 838 Provisio
587 775 914 857 gabellae
959 776 1151 856 quod
1194 773 1451 855 partita
1494 771 1564 835 in
1611 789 1771 834 0011-

143 868 304 931 siliis
342 868 742 932 communis
775 867 891 931 vel
926 867 1168 949 populi
1198 886 1408 948 super
1437 863 1771 947 expensis

141 960 473 1026 faciendis
512 961 602 1024 de
631 981 846 1024 avere
877 961 1198 1044 gabellae
1230 960 1412 1025 ultra
1446 979 1520 1038 25
1555 959 1771 1021 libras

141 1056 370 1137 imper.
417 1055 576 1119 fieri
623 1057 927 1119 debeant
956 1056 1046 1118 ad
1079 1055 1364 1119 busolas
1396 1065 1467 1116 et
1501 1053 1771 1116 balotas

139 1169 286 1214 cum
323 1149 560 1213 modis
591 1169 775 1232 quae
803 1157 1220 1222 statuuntur,
1256 1157 1332 1210 ut
1369 1145 1650 1208 fraudes
1679 1145 1776 1207 vi·

141 1252 364 1304 tentur
383 1289 400 1315 ,
449 1253 524 1306 et
575 1241 786 1306 etiam
832 1241 1160 1325 quotiens
1220 1237 1633 1302 tractabitur
1687 1239 1774 1301 de

137 1335 572 1399 absolvendo
617 1335 855 1418 aliquo
901 1345 1162 1400 statuto
1200 1345 1272 1398 et
1315 1334 1404 1397 de
1445 1331 1770 1395 intrando

139 1429 204 1490 in
257 1447 596 1510 guerram
659 1431 752 1510 (v.
813 1449 874 1492 a.
941 1449 1138 1506 1300,
1195 1447 1344 1509 apr.
1409 1426 1528 1507 19).
1593 1424 1770 1488 Item

137 1522 316 1602 quod
346 1533 768 1602 praesentes
800 1522 1269 1603 gabellatores
1297 1540 1440 1584 non
1471 1520 1772 1582 debeant

137 1614 491 1676 molestari
559 1633 692 1678 nec
759 1614 1106 1677 sindacari
1175 1633 1386 1695 super
1443 1633 1527 1676 eo
1582 1613 1774 1695 quod

139 1725 266 1768 non
285 1717 601 1788 possunt
629 1706 1052 1791 consignare
1083 1705 1602 1771 successoribus
1625 1705 1771 1768 suis

141 1818 254 1862 200
293 1801 584 1863 modios
627 1800 794 1864 salis
837 1819 969 1883 pro
999 1799 1312 1882 qualibet
1355 1800 1575 1870 cobla,
1607 1819 1770 1882 que·

137 1893 586 1957 madmodum
670 1894 1038 1976 provisum
1105 1904 1176 1956 et
1240 1901 1578 1957 statutum
1639 1891 1773 1956 fuit

135 1988 256 2050 sub
307 2006 500 2067 1294,
549 1987 690 2050 VH
733 1991 826 2070 (v.
879 2007 1060 2067 1299,
1109 1988 1268 2051 dee.
1307 1988 1430 2068 31).

133 2194 222 2254 99.
267 2213 326 2222 -
411 2195 567 2254 1301
607 2177 802 2258 (1300
833 2173 1005 2254 ina),
1038 2171 1174 2238 ian.
1212 2194 1290 2254 29
1322 2177 1389 2237 et
1419 2194 1518 2254 31,
1556 2173 1769 2248 XIV,

209 2267 254 2330 l.
317 2267 706 2334 Cremonae
762 2267 838 2331 in
897 2288 1075 2330 cons.
1128 2267 1280 2351 gab.
1335 2269 1405 2330 et
1459 2265 1534 2329 in
1591 2287 1769 2330 cons.

209 2362 545 2426 comunis.
602 2363 669 2437 C,
725 2382 862 2440 124.

209 2497 542 2561 Provisio
587 2496 912 2580 gabellae
958 2516 1169 2579 super
1231 2495 1574 2580 regimine
1621 2507 1770 2560 ter-

137 2610 357 2654 rarum
392 2611 582 2674 quae
619 2589 990 2654 adiunctae
1027 2599 1189 2652 sunt
1224 2591 1355 2653 sub
1383 2589 1772 2672 potestacia

131 2683 212 2746 de
251 2684 722 2748 Montexellis
775 2686 865 2765 (v.
911 2703 972 2746 a.
1027 2703 1206 2762 1300,
1262 2703 1326 2746 11
1383 2683 1556 2767 dic.).
1593 2683 1768 2748 Item

133 2779 314 2860 quod
360 2797 616 2841 omnes
659 2795 1005 2859 personae
1063 2776 1136 2840 in
1181 2775 1466 2841 civitate
1511 2777 1624 2838 vel
1669 2776 1768 2839 di·

133 2871 372 2935 strictu
453 2870 854 2934 habitantes
899 2870 1407 2951 compellantur
1448 2868 1767 2950 accipere

133 2965 342 3026 salem
389 2963 807 3046 impositum
872 2983 1002 3046 per
1066 2959 1370 3027 officium
1429 2963 1766 3046 gabellae,

133 3058 520 3122 secundum
599 3056 1170 3120 reformationem
1257 3055 1528 3119 consilii
1608 3073 1768 3138 gen.

133 3152 525 3215 communis
555 3152 892 3214 celebrati
926 3150 1038 3213 die
1065 3169 1139 3229 27
1173 3149 1310 3212 ian.
1334 3161 1404 3212 et
1426 3149 1514 3212 de
1544 3149 1770 3214 modis

135 3245 384 3326 quibus
433 3247 740 3308 debeant
785 3241 1110 3324 compelli
1154 3243 1260 3324 (1).

137 3449 248 3492 100.
293 3467 382 3477 —-
429 3449 584 3508 1301
627 3434 822 3509 (1300
866 3427 1038 3508 ina),
1085 3425 1224 3490 ian.
1259 3447 1338 3508 29
1382 3432 1452 3491 et
1487 3449 1588 3507 31,
1618 3426 1663 3491 l.
1695 3427 1770 3492 in

207 3543 388 3586 cons.
412 3520 727 3608 gabellae
757 3526 824 3584 et
851 3519 926 3584 in
955 3539 1132 3584 cons.
1155 3539 1316 3604 gen.
1347 3541 1577 3585 comm.
1612 3522 1766 3587 Cre-

213 3637 478 3680 monae.
535 3617 606 3691 C,
665 3635 802 3696 125.

209 3751 542 3816 Provisio
602 3749 927 3834 gabellae
971 3751 1166 3832 quod
1221 3750 1410 3814 nulla
1467 3771 1768 3834 persona

138 3845 382 3916 debeat
411 3845 654 3927 aliquo
685 3846 899 3907 modo
928 3845 1296 3917 advocare,
1325 3845 1767 3926 patrocinari,

139 3957 534 4022 procurare,
557 3958 690 4001 nec
711 3937 1056 4000 auxilium
1081 3938 1194 4000 vel
1219 3937 1584 4000 consilium
1605 3939 1769 4003 dare

137 4023 332 4096 alicui
379 4031 738 4096 recusanti
781 4030 1103 4113 accipere
1147 4031 1385 4094 salem.

137 4250 243 4293 101.
287 4263 370 4274 —-
427 4247 584 4305 1301
640 4229 832 4308 (1300
861 4222 1034 4304 ina),
1079 4221 1270 4310 febr.
1327 4243 1418 4292 10.
1466 4221 1674 4295 XIV,
1723 4221 1766 4284 l.

221 4323 598 4388 Cremonae
643 4317 718 4380 in
760 4340 936 4382 cons.
973 4317 1127 4402 gab.
1179 4317 1254 4392 C,
1309 4321 1446 4380 126.

213 4457 540 4521 Provisio
585 4454 908 4538 gabellae
939 4454 1129 4536 quod
1160 4461 1556 4516 contractus
1587 4450 1768 4514 dacii

145 4570 204 4612 12
253 4551 413 4614 den.
457 4551 627 4630 imp.
675 4546 1047 4610 cuiuslibet
1090 4544 1380 4608 sextarii
1411 4543 1574 4608 salis
1607 4563 1766 4606 ven-

137 4643 254 4706 diti
296 4643 659 4707 Iacomino
710 4641 796 4702 de
841 4640 1020 4702 Ziria
1063 4650 1134 4702 et
1169 4637 1493 4702 Nicolino
1524 4639 1611 4699 de
1641 4637 1769 4700 Ri-

137 4737 358 4801 boldis
387 4755 520 4818 pro
560 4753 724 4797 1000
747 4731 945 4795 libris
974 4733 1160 4814 imp„
1194 4741 1436 4794 mutuo
1461 4731 1769 4811 acceptis

135 4832 216 4892 ad
259 4829 700 4894 solucionem
743 4825 1137 4890 faciendam
1196 4825 1475 4888 Aloisio
1532 4825 1769 4887 comiti

135 4923 214 4987 de
256 4922 614 4989 Casalolto
663 4931 734 4984 et
803 4919 1156 4982 Zoannino
1224 4920 1311 4980 de
1370 4917 1769 4980 Mantuanis

137 5017 512 5099 capitaneis
557 5013 860 5076 militum
897 5022 968 5077 et
995 5011 1545 5084 balesteriorum,
1576 5020 1770 5073 ratus

1529 5215 1767 5242 ·7··‘—····'

181 5348 234 5397 (1)
265 5349 334 5389 Le
363 5353 485 5388 terre
509 5345 734 5398 aggiunte
761 5355 789 5385 a
819 5344 1071 5386 Monticelli
1091 5343 1352 5396 dipendano
1372 5343 1449 5387 dal
1466 5355 1551 5386 suo
1569 5343 1766 5394 potesta,

137 5407 160 5446 il
185 5409 316 5460 quale
345 5409 532 5461 seguira
557 5408 626 5460 gli
653 5405 814 5450 statuti
842 5406 960 5448 delle
989 5407 1114 5449 varie
1141 5412 1260 5448 terre
1286 5419 1336 5449 se
1364 5406 1410 5448 vi
1438 5418 1568 5456 sono,
1599 5418 1650 5448 se
1679 5418 1770 5448 non

135 5469 174 5510 vi
199 5483 314 5514 sono
342 5471 409 5524 gli
435 5471 598 5514 statuti
630 5469 678 5511 di
709 5469 976 5512 Monticelli.
1015 5491 1066 5500 —
1107 5469 1124 5512 1
1163 5469 1381 5511 riluttanti
1419 5481 1446 5511 a
1483 5468 1686 5511 ricevere
1726 5469 1768 5512 le

3380 315 3501 378 143

1868 548 1940 604 et
1981 538 2222 604 firmus
2266 541 2358 607 sit
2400 545 2489 625 (v,
2542 564 2603 608 a.
2670 566 2857 624 1300,
2912 549 3063 612 dec.
3137 552 3253 630 11).
3318 551 3500 616 Item

1869 634 2062 714 quod
2100 645 2411 716 potestas
2456 637 2861 719 capitaneus
2904 651 2976 704 et
3016 641 3135 704 alii
3165 642 3501 709 officiales

1869 727 2257 791 communis
2322 729 2623 794 debeant
2679 734 2963 797 omnino
3007 737 3382 801 observare
3426 749 3501 802 et

1870 820 2230 884 observari
2271 820 2501 886 facere
2544 845 2785 890 omnes
2830 837 3231 894 contractus
3273 829 3499 896 factos

1870 926 1940 978 01
1982 914 2336 980 faciendos
2379 937 2506 998 per
2550 920 3036 1002 gabellatores.

1869 1155 1993 1199 102.
2028 1173 2107 1184 --
2148 1157 2296 1216 1301
2349 1138 2538 1219 (1300
2580 1137 2751 1220 ina),
2796 1160 3021 1214 marc„
3072 1142 3285 1218 XIV,
3338 1145 3495 1208 Cre-

1955 1249 2210 1293 monae.
2266 1230 2333 1304 C,
2386 1251 2524 1312 127.

1953 1364 2277 1428 Provisio
2319 1367 2641 1447 gabellae
2684 1379 2927 1433 contra
2968 1372 3191 1434 malos
3234 1391 3497 1436 merca-

1869 1468 2059 1522 tores
2082 1504 2099 1529 ,
2164 1458 2539 1524 navarolos
2598 1481 2723 1524 seu
2765 1464 3113 1528 nuclerios
3156 1477 3229 1528 et
3271 1475 3499 1530 vettu-

1870 1551 2100 1626 raUeS,
2123 1551 2457 1616 ducentes
2493 1555 3061 1621 merchadandias
3092 1579 3135 1622 a
3157 1558 3489 1624 Veneciis

1871 1645 1986 1708 vel
2028 1645 2308 1709 aliunde
2350 1655 2422 1709 et
2464 1645 2743 1712 fraudes
2788 1652 3323 1716 committentes,

1869 1887 1992 1946 103.
2042 1903 2122 1914 —-
2176 1888 2353 1946 1301,
2398 1867 2520 1932 iul.
2564 1893 2622 1950 4,
2671 1871 2881 1944 XIV,
2926 1870 2970 1935 l.
3026 1872 3392 1938 Cremonae
3419 1873 3497 1937 in

1951 1981 2131 2026 cons.
2168 1960 2320 2045 gab.
2372 1961 2443 2028 C.
2491 1967 2592 2043 87.

1950 2097 2273 2162 Provisio
2338 2101 2655 2182 30001100
2708 2102 2898 2184 quod
2943 2121 3143 2166 cassa
3186 2114 3257 2167 et
3300 2103 3497 2168 irrita

1869 2191 1960 2255 sit
1999 2192 2313 2274 provisio
2366 2213 2399 2256 2
2440 2193 2582 2258 iun.
2634 2215 2794 2272 1300
2837 2206 2907 2259 01
2950 2196 3143 2259 1111Πο
3184 2216 3487 2278 persona

1866 2284 2093 2366 possit
2150 2287 2566 2351 incanevare
2629 2289 2845 2352 salem
2910 2289 2981 2352 in
3046 2289 3333 2355 civitate
3380 2290 3493 2354 vel

1867 2377 2208 2453 districtu,
2254 2399 2343 2443 ne
2389 2379 2667 2445 fraudes
2713 2383 3255 2448 committantur.

1867 2601 1996 2662 104.
2033 2619 2111 2630 --
2149 2603 2327 2660 1301,
2359 2582 2479 2648 iul.
2534 2607 2627 2659 11,
2674 2586 2883 2660 XIV,
2929 2585 2974 2651 l.
3029 2587 3395 2652 Cremonae
3420 2587 3501 2652 in

1950 2696 2129 2740 cons.
2164 2677 2318 2762 gab.
2373 2678 2441 2752 C,
2488 2680 2588 2743 88.

1946 2815 2269 2880 Provisio
2315 2816 2636 2899 gabellae
2681 2819 2872 2900 quod
2904 2817 3145 2884 firmus
3190 2832 3260 2884 et
3300 2832 3495 2884 ratus

1865 2907 1956 2972 sit
1985 2919 2382 2975 contractus
2412 2931 2569 2974 cum
2599 2909 3025 2994 Ruggerino
3056 2914 3143 2976 de
3174 2915 3495 2988 Patern0,

1863 3003 1928 3066 N
1930 3003 2187 3067 icolino
2254 3005 2342 3068 de
2405 3003 2739 3068 Riboldis
2765 3054 2779 3079 ,
2848 3016 2920 3071 et
2983 3004 3339 3071 Ottobello
3407 3008 3497 3072 de

1863 3097 2156 3178 Rupere
2201 3099 2289 3162 de
2342 3117 2501 3161 1000
2527 3099 2725 3161 libris
2753 3098 2996 3181 imper.
3028 3110 3268 3165 mutuo
3297 3121 3492 3164 acce-

1865 3191 2006 3272 ptis
2052 3209 2209 3254 cum
2252 3190 2589 3255 interesse
2634 3213 2759 3255 seu
2818 3194 3004 3256 dono
3064 3216 3104 3272 4
3155 3195 3311 3257 den.
3355 3211 3487 3276 pro

1865 3284 2045 3348 libra
2094 3305 2222 3366 pro
2279 3286 2593 3366 quolibet
2648 3305 2905 3361 mense,
2951 3306 3080 3368 pro
3139 3287 3489 3350 solutione

1865 3376 2183 3443 facienda
2217 3378 2552 3444 militibus
2594 3379 2873 3443 Laudae
2910 3389 2981 3444 et
3022 3380 3335 3463 guardiis
3380 3401 3493 3444 ca-

1866 3485 2187 3545 strorum,
2208 3473 2587 3556 obligando
2610 3473 2713 3537 eis
2736 3474 3015 3538 dacium
3042 3495 3075 3536 2
3102 3474 3229 3536 sol.
3244 3473 3491 3555 imper.

1866 3567 2393 3650 superadditum
2436 3567 2723 3632 cuilibet
2766 3567 3075 3632 sextario
3120 3567 3289 3632 salis
3334 3587 3497 3632 ven-

1866 3661 2012 3725 dito
2056 3661 2253 3742 prius
2305 3666 2379 3725 18
2424 3661 2662 3725 soldiS.

1866 3899 1990 3960 ¹05·
2019 3917 2104 3926 -
2127 3900 2325 3984 ,¹3⁰1’
2360 3878 2479 3943 iul.
2530 3901 2623 3961 17,
2670 3881 2880 3953 XIV,
2927 3878 2971 3944 l.
3024 3879 3391 3984 Cremonae
3419 3879 3497 3943 in

1949 3973 2832 4152 {253225520255522235
2854 3975 3121 4148 01)ὲᾷ
3123 3972 3345 4037 “m“
3411 3973 3495 4037 ‘'³‘'

1947 4205 2270 4269 Provisio
2314 4206 2629 4288 gabellae
2669 4207 2861 4288 quod
2890 4206 3359 4288 3000110101·οε
3392 4216 3495 4268 10-

1865 4307 2159 4361 neantur
2203 4298 2483 4362 vinculo
2520 4299 2936 4363 sacramenti
2981 4298 3161 4362 infra
3210 4299 3493 4362 tertium

1867 4391 2052 4453 diem
2094 4391 2416 4455 introitus
2474 4413 2715 4457 eorum
2774 4392 3001 4456 facere
3066 4390 3219 4456 fieri
3284 4411 3495 4475 30110-

1865 4485 2081 4547 1010111
2126 4495 2195 4548 01
2238 4487 2618 4549 solemnem
2670 4485 3191 4568 inquisitionem
3254 4495 3499 4549 contra

1865 4597 2105 4642 omnes
2141 4588 2211 4640 et
2240 4577 2557 4662 singulos
2588 4579 3051 4662 gabellatores
3081 4578 3497 4660 praeteritos

1865 4679 1934 4733 et
1979 4671 2189 4733 etiarn
2235 4692 2477 4735 omnes
2518 4672 2837 4735 homines
2896 4693 3073 4754 quos
3119 4672 3493 4755 cognovis-

1867 4775 2023 4826 sent
2064 4763 2315 4828 fecisse
2359 4765 2623 4847 aliquid
2667 4765 3136 4829 fraudolenter
3162 4766 3234 4828 in
3264 4763 3497 4829 officio

1867 4858 2187 4940 gabellae
2230 4859 2345 4920 vel
2387 4859 2461 4921 in
2502 4878 2579 4922 re
2634 4859 3010 4941 pertinenti
3074 4859 3165 4921 ad
3229 4859 3497 4922 dictum

1865 4949 2171 5014 officium
2218 4952 2332 5014 vel
2374 4962 2616 5016 contra
2658 4962 2919 5015 statuta
2959 4950 3204 5033 populi
3238 4961 3307 5014 et
3338 4971 3497 5032 pro-

1867 5044 2176 5109 visiones
2222 5046 2557 5128 30001100.

1867 5348 2007 5394 quote
2044 5343 2092 5385 di
2126 5343 2223 5386 sale
2258 5344 2455 5396 imposte
2490 5345 2703 5389 debbono
2729 5345 3023 5397 costringersi
3058 5357 3147 5386 con
3184 5343 3339 5392 multe,
3377 5343 3501 5386 colla

1867 5406 2069 5448 confir-ca
2102 5406 2177 5448 dei
2214 5406 2319 5447 beni
2356 5407 2509 5448 mobili
2550 5407 2609 5450 ed
2644 5408 2877 5458 immobili,
2921 5407 2993 5450 col
3034 5407 3203 5458 rigetto
3238 5405 3358 5448 delle
3396 5406 3499 5447 loro

1867 5468 2041 5512 istanze
2068 5468 2116 5510 di
2142 5467 2344 5520 giudizio
2370 5480 2531 5520 presso
2560 5469 2591 5510 11
2618 5481 2825 5512 comune.
