4050 6109
1103 353 1600 405 PROVVISIONI
1643 355 1899 404 DELLA
1944 355 2301 406 GABELLA
2346 359 2628 408 MAGNA

3425 357 3537 416 161

171 613 412 658 omnes
443 595 534 657 de
555 594 954 658 redditibus
980 593 1298 676 gabellae
1321 613 1450 676 pro
1475 593 1815 656 solvendo
1915 614 2050 658 220.
2095 631 2180 642 -
2232 616 2391 676 1309
2454 599 2641 678 (1308
2688 597 2856 680 ina),
2890 598 3080 685 febr.
3134 623 3227 683 19,
3302 605 3452 678 VII,
3500 604 3545 668 l.

169 689 512 752 interesse
557 708 684 750 seu
732 688 920 750 dona
953 687 1331 768 praeterita
1361 697 1429 750 et
1458 686 1708 761 futura,
1746 695 1817 748 et

168 791 416 864 postea
465 783 814 844 medietas
850 791 1124 845 tantum
1159 799 1290 862 pro
1322 781 1661 862 solvendo
1708 801 1816 842 ca-

168 875 461 956 pitalem
508 875 982 939 creditoribus
1029 883 1427 938 contractus
1483 874 1648 936 salis
1693 872 1816 955 qui

133 959 146 974 ⁰
169 969 572 1049 appellatur
636 980 1042 1032 contractus
1115 989 1147 1030 2
1219 964 1660 1030 denariorum
1727 967 1814 1028 de

170 1063 366 1125 libra.
830 1059 840 1067 ’

167 1260 282 1319 216.
329 1291 424 1304 —-
479 1260 662 1334 1308,
697 1259 865 1339 sept.
903 1275 1001 1334 25,
1063 1255 1212 1326 VII,
1254 1253 1296 1316 l.
1325 1258 1536 1337 super
1555 1251 1814 1337 palatio

235 1348 399 1432 gab.
461 1349 852 1414 Cremonae.
910 1349 976 1422 C,
1029 1369 1171 1412 212.

245 1486 588 1548 Provisio
633 1485 956 1568 gabellae
988 1486 1178 1567 quod
1209 1483 1525 1548 Ottolino
1571 1485 1658 1546 de
1691 1481 1814 1544 Ca-

169 1579 440 1642 samala
485 1589 558 1642 et
603 1579 800 1642 socio
844 1578 1137 1642 notariis
1183 1577 1500 1661 gabellae
1545 1575 1664 1638 fiat
1708 1595 1815 1638 so·
1879 1573 1881 1576 ⁴

168 1673 364 1745 luti0,
415 1671 946 1736 examinatione
1013 1670 1200 1735 facta
1263 1691 1390 1752 per
1455 1671 1627 1734 duos
1695 1689 1814 1731 sa-

165 1767 448 1848 pientes
479 1775 551 1828 et
570 1767 888 1830 notarios
921 1766 1258 1848 gabellae,
1285 1765 1372 1827 de
1396 1763 1814 1847 quibusdam

165 1859 660 1922 instrumentis
706 1859 1180 1924 contractibus
1211 1869 1281 1922 et
1311 1857 1675 1940 scripturis
1719 1856 1814 1918 fa-

165 1954 318 2018 ctiS.
364 1953 550 2016 Item
598 1954 793 2036 quod
827 1953 1213 2016 Corradino
1253 1953 1342 2014 de
1371 1949 1812 2023 GoferlaxiiS,

166 2048 472 2130 emptori
507 2047 692 2110 dacii
729 2048 994 2128 paleae,
1029 2046 1286 2116 strami,
1315 2054 1465 2115 etc..
1489 2046 1814 2127 plebatus

166 2141 420 2214 Calsei,
453 2161 586 2222 pro
623 2161 694 2202 21
734 2141 934 2204 libris
964 2141 1230 2222 imper„
1270 2139 1550 2202 nomine
1581 2137 1814 2200 fratris

169 2235 504 2316 Pergami
573 2235 900 2297 conversi
967 2231 1371 2296 monasterii
1432 2229 1502 2294 S.
1549 2231 1814 2294 Mariae

165 2330 255 2393 de
278 2328 498 2400 Cava,
522 2347 709 2391 anno
739 2327 1120 2408 praeterito
1151 2337 1528 2407 antequam
1562 2343 1818 2406 guerra

167 2423 454 2502 incepta
520 2431 732 2494 esset,
799 2422 1208 2484 restituatur
1275 2419 1537 2482 utilitas
1605 2437 1814 2499 quam

169 2515 542 2598 percipere
608 2535 751 2579 non
831 2513 1062 2598 potuit
1134 2511 1501 2578 occasione
1586 2512 1815 2574 dictae

181 2629 488 2692 guerrae
517 2609 626 2690 (1).

175 2813 297 2873 217.
335 2831 422 2840 —-
479 2796 658 2871 1308,
707 2795 848 2866 oct„
900 2792 1049 2863 VII,
1109 2792 1493 2856 Cremonae.
1553 2790 1623 2864 C,
1671 2810 1814 2868 213.

256 2931 590 2994 Provisio
623 2929 944 3013 gabellae
976 2930 1167 3011 quod
1198 2927 1485 2991 sindicis
1522 2939 1592 2991 et
1621 2927 1815 2990 tuba-

177 3025 449 3088 toribus
495 3023 700 3087 ituris
737 3024 828 3085 ad
859 3022 1408 3086 denuntiandum
1453 3021 1814 3102 regimina,

179 3139 334 3180 cum
377 3129 666 3198 tempus
711 3117 1049 3179 carestiae
1081 3115 1189 3190 sit,
1221 3112 1344 3178 fiat
1374 3115 1630 3177 solutio
1673 3134 1816 3176 non

182 3214 267 3274 de
314 3233 347 3290 3
395 3209 621 3274 soldis
664 3229 797 3290 pro
845 3209 1161 3291 quolibet
1217 3219 1287 3271 et
1329 3227 1458 3288 pro
1504 3208 1818 3290 quolibet

177 3305 286 3366 die
315 3304 415 3368 uti
454 3313 780 3383 tempore
817 3301 1220 3383 praeterit0‚
1252 3301 1378 3364 sed
1408 3302 1497 3363 de
1527 3323 1566 3380 4
1601 3299 1816 3364 soldis

183 3417 417 3480 imper.

183 3589 294 3646 218.
324 3620 410 3630 —-
451 3587 638 3660 1308,
669 3581 804 3644 dec.
847 3602 941 3656 12,
1001 3582 1152 3656 VII,
1185 3580 1227 3645 l.
1259 3585 1470 3665 super
1494 3579 1638 3663 pal.
1662 3581 1815 3664 gab.

265 3677 662 3742 Cremonae.
718 3675 788 3750 C,
837 3695 1008 3754 214..
1793 3713 1802 3722 -

252 3812 585 3876 Provisio
633 3811 956 3893 gabellae
997 3829 1125 3892 per
1158 3829 1367 3892 quam
1411 3810 1818 3875 conceditur

187 3907 448 3970 cuidam
495 3905 824 3972 barberio
856 3903 1154 3967 viciniae
1183 3905 1253 3967 S.
1284 3902 1476 3967 Petri
1507 3905 1593 3966 de
1622 3905 1816 3968 Pado

185 3999 466 4064 facultas
488 3999 798 4062 faciendi
827 3998 1206 4062 stacionem
1233 3997 1306 4060 in
1328 3995 1559 4078 capite
1581 3999 1816 4079 pontis

187 4093 358 4166 Padi,
407 4093 618 4155 iuxta
671 4091 812 4154 alia
866 4101 1284 4163 casamenta,
1330 4090 1538 4154 certis
1591 4092 1814 4173 pactis

186 4198 242 4249 et
282 4185 839 4251 conditionibus

185 4395 290 4454 219.
333 4413 420 4422 —
493 4394 657 4453 1309
719 4375 909 4456 (1308
965 4371 1149 4456 ina),
1211 4371 1348 4436 ian.
1399 4393 1498 4451 31,
1571 4373 1720 4444 VII,
1769 4372 1810 4438 l.

253 4475 467 4552 super
499 4464 771 4551 palatio
808 4465 960 4549 gab.
1017 4466 1402 4530 Cremonae.
1459 4467 1526 4538 C,
1579 4486 1720 4546 215.

2001 687 2075 752 in
2109 687 2253 773 pal.
2290 689 2442 772 gab.
2496 691 2883 759 Cremonae.
2940 696 3007 767 C,
3059 703 3201 761 216.

1999 825 2324 889 Provisio
2368 828 2687 910 gabellae
2719 832 2910 912 quod
2952 830 3195 897 firmus
3240 847 3311 900 et
3352 849 3546 902 ratus

1917 917 2008 980 sit
2080 931 2477 984 contractus
2543 923 2935 988 celebratus
3008 947 3166 990 cum
3236 928 3547 1011 Quirinis

1915 1031 1976 1072 a.
2015 1032 2193 1091 1309,
2230 1011 2402 1076 febr.
2450 1035 2541 1086 12,
2578 1026 2647 1079 et
2684 1027 3081 1083 contractus
3111 1021 3337 1088 factus
3384 1045 3542 1088 011111

1915 1104 2235 1168 Ν10011110
2304 1107 2391 1170 de
2449 1109 2781 1174 Riboldis
2833 1125 2903 1174 et
2955 1113 3165 1176 sociis
3221 1137 3351 1180 sex
3410 1119 3545 1182 sol-

1918 1200 2167 1276 dorum⁴
2236 1201 2606 1265 cuiuslibet
2685 1204 2975 1268 sextarii
3042 1208 3239 1282 salis,
3310 1212 3543 1274 dando

1915 1303 1984 1356 et
2029 1294 2407 1377 obligando
2438 1295 2502 1358 ei
2546 1298 2893 1362 redditum
2935 1309 3183 1382 portae
3212 1304 3540 1370 Omnium

1915 1387 2352 1452 Sanctorum.

1915 1627 2038 1672 221.
2082 1645 2166 1658 —
2221 1631 2379 1690 1309
2410 1615 2599 1695 (1308
2636 1613 2805 1697 ina),
2832 1615 3009 1696 febr.
3044 1639 3143 1690 20,
3196 1620 3345 1692 VII,
3392 1621 3543 1686 Cre—

2001 1724 2257 1768 monae.
2314 1706 2381 1777 C,
2432 1727 2573 1786 217.

1997 1839 2429 1904 Lanfrancus
2475 1842 2563 1907 de
2594 1843 2853 1927 Capp0,
2884 1848 2974 1910 ad
3004 1849 3545 1929 postulationem

1916 1934 2187 1998 abbatis
2244 1937 2567 2017 gabellae
2621 1948 2691 2001 et
2742 1939 3078 2004 Sandonii
3138 1943 3225 2005 de
3276 1943 3545 2017 Lalora,

1916 2027 2221 2092 declarat
2264 2029 2491 2110 ipsum
2540 2029 2967 2096 Sandonium
3004 2055 3134 2117 pro
3168 2056 3243 2100 se
3273 2048 3343 2100 et
3377 2039 3543 2100 duo-

1914 2122 2047 2214 bus
2084 2121 2293 2185 sociis
2337 2122 2604 2189 socium
2647 2146 2777 2207 pro
2814 2133 2927 2207 981
2967 2127 3165 2192 libris
3196 2139 3265 2194 et
3296 2151 3331 2210 5
3371 2132 3545 2194 sold.

1913 2214 2079 2370 {mbo
2124 2215 2195 2279 in
2216 2216 2505 2392 >residuo
2552 2219 2857 2284 creditus
2902 2223 3067 2288 salis
3112 2225 3199 2306 (v.
3249 2244 3308 2287 a.
3366 2246 3543 2306 1309,

1943 2329 1980 2372 0
2032 2328 2085 2373 1.
2141 2331 2209 2372 12
2240 2359 2256 2373 .

1915 2533 2049 2577 222.
2096 2551 2173 2560 -
2225 2535 2387 2594 1309
2436 2518 2625 2596 (1308
2674 2514 2843 2598 ina),
2890 2522 3089 2582 mart.
3145 2540 3237 2592 11,
3297 2519 3449 2593 VII,
3498 2521 3540 2584 l.

1997 2612 2209 2694 snper
2240 2606 2503 2692 palatio
2538 2609 2693 2694 gab.
2748 2611 3134 2676 Cremonae.
3199 2614 3267 2688 C,
3315 2619 3459 2678 218.

2000 2743 2323 2807 Provisio
2390 2745 2710 2828 gabellae
2768 2749 2957 2828 quod
3024 2749 3389 2812 solvantur
3446 2749 3545 2814 in-

1917 2836 2299 2900 continenti
2347 2839 2553 2902 Zuzio
2604 2841 2691 2903 de
2749 2841 3076 2914 PeruxiO,
3125 2844 3291 2906 olim
3346 2863 3546 2907 cone-

1917 2931 2149 2993 stabili
2215 2933 2527 3013 equitum
2595 2932 2997 3008 Cremonae,
3052 2955 3181 3017 pro
3246 2940 3547 3019 comple-

1916 3035 2151 3087 mento
2198 3026 2600 3101 solutioniS,
2664 3047 2745 3106 50
2796 3029 3015 3092 librae
3062 3028 3255 3112 imp.,
3301 3042 3372 3094 et
3412 3052 3545 3114 pro

1917 3119 2073 3180 aliis
2126 3138 2243 3198 150
2284 3119 2483 3182 libris
2528 3114 2709 3202 qua'e
2753 3133 3129 3196 remanent,
3164 3123 3285 3187 fiat
3330 3125 3394 3187 ei
3432 3126 3545 3188 da-

1917 3222 2063 3275 tum
2124 3213 2215 3275 de
2264 3213 2653 3277 redditibus
2710 3225 2951 3278 tansae
3006 3217 3095 3280 de
3139 3216 3545 3282 Malfiastris

1917 3315 1987 3368 et
2024 3307 2343 3388 gabellae
2384 3307 2816 3372 tranversiae
2852 3330 2895 3372 a
2928 3319 3147 3374 strata
3178 3312 3547 3376 Robecchi

1916 3419 2129 3482 supra
2172 3411 2471 3483 excepto
2512 3403 2865 3483 praesenti
2908 3423 3113 3467 ann0.

1915 3642 2051 3702 223.
2096 3659 2180 3669 --
2232 3643 2391 3703 1309
2436 3625 2623 3706 (1308
2670 3623 2837 3704 ina),
2886 3628 3085 3687 mart.
3136 3645 3236 3699 22,
3300 3625 3451 3700 VII,
3501 3627 3543 3700 l.

1997 3722 2209 3800 super
2253 3716 2441 3780 domo
2476 3716 2630 3804 gab.
2687 3717 3071 3782 Cremonae.
3128 3717 3195 3792 C,
3245 3739 3387 3799 219.

1998 3852 2323 3916 Provisio
2381 3854 2705 3935 gabellae
2764 3855 2954 3936 quod
3009 3857 3413 3920 detrahatur
3459 3860 3543 3922 de

1914 3959 2104 4009 sorte
2169 3967 2379 4028 quam
2444 3947 2699 4011 debent
2762 3950 2991 4012 adhuc
3049 3949 3361 4031 recipere
3405 3972 3544 4014 em-

1912 4051 2151 4120 ptores
2196 4039 2375 4104 dacii
2421 4040 2566 4104 vini
2611 4050 2682 4104 et
2725 4041 2908 4105 furni
2967 4043 3313 4126 capitanei
3370 4044 3546 4107 illud

1912 4137 2059 4214 (826
2091 4135 2155 4208 1.,
2189 4155 2261 4213 14
2286 4135 2365 4214 5.)
2394 4135 2583 4218 quod
2610 4145 3021 4218 receperunt
3048 4156 3178 4218 pro
3207 4137 3543 4201 interesse

1911 4228 2094 4290 ultra
2142 4248 2178 4305 3
2218 4227 2541 4291 denarios
2587 4229 2675 4291 de
2718 4229 2897 4292 libra
2928 4250 2970 4292 a
3014 4250 3193 4308 1302,
3238 4240 3414 4313 sept.
3464 4236 3542 4294 28

1910 4324 2001 4402 (v.
2038 4342 2099 4384 a.
2143 4340 2321 4401 1303,
2358 4341 2567 4385 marc.
2624 4325 2716 4395 18,
2760 4321 2847 4398 D,
2897 4323 2999 4402 20)
3029 4343 3254 4406 usque
3293 4325 3383 4386 ad
3426 4325 3544 4386 ka-

1911 4414 2153 4477 lendas
2185 4415 2467 4496 augusti
2507 4435 2661 4494 1307
2698 4417 2784 4497 (v.
2833 4435 2890 4478 a.
2931 4436 3111 4496 1307,
3146 4427 3319 4499 sept.
3347 4420 3426 4499 4),
3474 4431 3543 4480 et

1912 4509 1999 4571 de
2059 4507 2337 4570 residua
2387 4519 2589 4589 parte
2646 4509 2833 4590 (1796
2880 4509 2943 4581 1.,
3008 4513 3080 4572 16
3128 4512 3204 4591 5.)
3250 4531 3292 4573 2
3338 4510 3542 4574 dictis

256 4603 582 4694 Provisio
643 4602 966 4687 gabellae
1025 4603 1218 4684 quod
1261 4601 1492 4684 pisces
1536 4603 1812 4685 possint
1857 4567 1862 4658 Ι
1909 4601 2230 4663 kalendis
2275 4620 2499 4682 usque
2544 4602 2633 4664 ad
2660 4600 3070 4665 hodiernam
3119 4603 3302 4666 diem
3348 4613 3419 4667 et
3455 4604 3544 4666 ab

185 4699 379 4760 vendi
427 4697 583 4759 sine
626 4715 851 4778 pensa
907 4698 996 4777 (v.
1043 4715 1106 4758 a.
1161 4699 1340 4772 1308,
1389 4716 1554 4759 11121.
1603 4696 1685 4775 6),
1739 4710 1810 4758 01
1909 4694 2122 4758 hodie
2159 4693 2229 4756 in
2262 4705 2467 4757 antea
2509 4697 2811 4758 habeant
2855 4708 3124 4759 tantum
3180 4717 3310 4778 pro
3358 4698 3542 4760 dono

187 4791 475 4854 debeant
505 4800 754 4852 omnes
787 4787 1088 4852 conduci
1119 4789 1192 4850 in
1217 4789 1411 4851 curia
1444 4789 1811 4870 piscariae,

1915 4808 1949 4865 3
1997 4788 2319 4851 denarios
2384 4808 2513 4870 pro
2580 4787 2760 4852 libra
2826 4799 2899 4852 ut
2963 4789 3328 4870 provisum
3389 4788 3540 4854 fuit.

187 4883 302 4944 sed
353 4885 584 4946 solum
630 4882 844 4945 certis
901 4883 1095 4945 horis
1141 4880 1308 4954 diei,
1355 4901 1486 4945 nec
1537 4883 1813 4964 possint
1909 4881 2087 4945 Item
2124 4883 2315 4964 quod
2346 4881 2589 4945 vinum
2632 4881 2908 4946 forense
2944 4885 3233 4946 ductum
3270 4885 3359 4947 de
3388 4904 3541 4946 ver-

191 4974 449 5039 extrahi
495 4987 704 5038 extra
748 4975 1108 5039 civitatem
1155 4983 1225 5038 et
1269 4973 1684 5038 districtum.

243 5273 294 5324 (1)
322 5275 339 5315 1
365 5275 508 5317 lavori
537 5273 639 5317 fatti
667 5273 746 5316 dal
773 5273 930 5316 notaio
960 5274 1168 5316 Ottolino
1194 5273 1242 5316 di
1267 5273 1510 5316 casamala
1535 5285 1562 5314 e
1589 5273 1731 5324 socio,
1754 5273 1816 5315 da

193 5337 378 5377 mettersi
396 5349 565 5379 ancora
591 5349 620 5378 2
647 5335 860 5388 registro,
883 5347 1024 5378 erano
1052 5336 1082 5377 il
1103 5341 1333 5378 contratto
1351 5334 1426 5377 del
1445 5335 1542 5377 sale
1560 5347 1647 5377 con
1669 5337 1814 5378 Dotto

191 5393 424 5441 Boldizono
449 5400 591 5450 (1308,
612 5402 719 5440 sett.
743 5398 800 5450 1),
831 5397 862 5438 il
890 5402 1122 5439 contratto
1150 5397 1198 5440 di
1226 5397 1316 5440 due
1343 5396 1503 5440 denari
1529 5409 1612 5448 per
1639 5397 1722 5438 lira
1740 5397 1814 5439 coi

191 5453 282 5505 filli
312 5459 365 5500 ed
403 5459 526 5501 credi
555 5457 632 5501 del
661 5459 899 5502 11121011ωο
928 5459 1204 5510 cavalcabo,
1234 5459 1389 5501 risatto
1417 5471 1444 5501 e
1469 5457 1643 5500 ridotto
1671 5461 1809 5512 (1299,

192 5525 320 5564 tenn-
349 5529 409 5572 17,
437 5521 490 5570 C,
521 5523 610 5574 56),
641 5519 686 5562 12
714 5519 930 5572 9111121122
965 5519 1013 5562 di
1051 5519 1269 5572 Egidiolo
1305 5520 1354 5562 di
1382 5519 1564 5562 Persico
1590 5521 1728 5574 (1303,
1761 5532 1814 5573 25

344 5635 386 5666 21
439 5623 560 5668 tm.
587 5623 716 5668 star.
743 5624 810 5668 vl
841 5624 923 5676 (11.
955 5625 1005 5666 Ρ.
1037 5625 1102 5666 M.
1135 5625 1196 5666 11.
1228 5625 1326 5677 11.).

1911 4995 2032 5038 sus
2068 4975 2496 5038 Placentiam
2526 4977 2641 5038 vel
2676 4977 2967 5058 Papiam
2999 4978 3112 5040 vel
3142 4974 3422 5040 aliunde
3454 4979 3541 5041 de

1909 5271 2097 5323 giugno,
2129 5271 2181 5322 C,
2216 5275 2328 5324 145),
2358 5271 2404 5314 12
2430 5270 2647 5324 quitanza
2674 5272 2720 5313 di
2747 5271 2897 5314 alcuni
2924 5271 3143 5314 mercanti
3171 5272 3220 5314 di
3249 5273 3473 5324 Bergamo
3496 5272 3545 5314 di

1908 5335 1958 5374 81
1989 5345 2119 5375 some
2146 5333 2194 5374 di
2220 5333 2331 5384 5210,
2361 5333 2407 5375 12
2433 5333 2649 5385 quitanza
2675 5333 2751 5375 del
2778 5339 3073 5385 procuratore
3091 5333 3138 5376 di
3158 5333 3403 5376 ZufredIno
3422 5333 3481 5375 de
3499 5334 3545 5375 12

1907 5397 2069 5500 ἷιὲἱτίἓ,
2098 5395 2177 5448 ga
2202 5395 2416 5448 capitano
2444 5395 2565 5438 della
2592 5396 2696 5447 lega
2722 5395 2769 5438 di
2796 5395 3089 5447 lambat-dia,
3120 5409 3147 5438 e
3183 5396 3231 5438 di
3264 5397 3376 5439 certi
3402 5407 3543 5438 cone-
