4050 6109
1065 305 1236 356 LITE
1280 305 1425 355 CON
1471 303 1758 354 BONINO
1805 301 2325 352 MOMMOLERIO
2370 303 2449 352 DI
2494 304 2667 354 ASTI
3430 311 3547 370 109

2214 427 2310 434 .—..-
2327 427 2336 432 -
2357 427 2388 434 .-
2421 428 2640 443 —-————-—
2647 427 2656 432 -
2683 427 2768 442 —b
2973 437 2982 442 .
3057 437 3093 443 .-

192 575 308 613 curn
341 575 660 612 commune
697 559 990 612 Cremone
1025 565 1086 611 et
1120 566 1183 610 ut
1217 557 1458 610 deberet
1494 556 1650 610 exire
1687 557 1821 608 Cre-
1919 549 2093 613 tium
2136 549 2228 612 ad
2270 549 2652 630 petendum
2695 550 2785 612 ab
2830 550 3166 632 episcopo
3197 551 3548 614 Novaria&

189 653 350 725 ‚¹¹¹⁰ssss
410 645 470 723 et
531 635 749 688 habere
805 634 1141 723 conscilium
1200 644 1258 687 et
1313 633 1476 722 fi¹¹{fe
1523 632 1820 700 placitum,
1868 686 1872 709 .
1920 643 2429 705 absolutionem
2459 643 2811 706 interdicti
2845 645 2956 706 cui
2988 645 3361 726 supposuit
3390 665 3551 708 con-

189 713 305 767 ideo
337 729 480 779 quia
505 711 763 766 habebat
789 713 1056 766 homines
1081 712 1371 764 Cremone
1397 727 1454 762 m
1486 718 1820 777 suspectum
1868 716 1874 774 ζ
1921 737 2107 800 sulas
2153 747 2223 800 et
2267 737 2703 800 consiliarios
2758 736 3142 802 Cremonae
3196 760 3325 821 pro
3366 739 3551 803 facto

189 791 310 857 quia
343 789 532 855 tangit
567 789 846 842 omnibus
884 789 1218 842 hominibus
1247 789 1554 855 Cremone,
1577 795 1637 840 et
1660 786 1820 853 quod
1868 779 1873 833 ἱ
2081 831 2093 844 .
2154 831 2166 843 .

187 875 406 934 paratus
442 876 570 920 erat
604 867 796 920 facere
831 882 1118 933 expensas
1159 865 1216 918 in
1255 865 1408 918 dicta
1443 880 1635 925 causa,
1674 879 1820 930 quas
1919 831 2171 893 Bomm
2240 831 2327 892 de
2392 831 2593 902 Aste,
2655 841 2725 895 et
2792 833 2883 894 ad
2944 833 3442 914 appellandum
3512 853 3554 896 a

187 944 250 995 de
281 943 403 996 iure
439 943 636 996 facere
671 943 870 1006 debet,
909 951 968 996 et
1003 941 1166 1010 quod
1200 958 1306 1007 per
1327 957 1464 994 eum
1491 957 1609 993 nou
1631 939 1821 992 stabat

187 1021 312 1086 quin
359 1019 520 1074 dicta
568 1036 746 1074 causa
799 1019 858 1072 in
912 1027 1084 1073 antea
1139 1018 1477 1086 procederet
1527 1026 1584 1070 et
1631 1033 1822 1070 sume—

185 1104 327 1150 retur
360 1105 424 1150 et
459 1097 562 1150 tali
599 1105 867 1162 tempore
904 1094 1064 1163 quod
1100 1095 1297 1148 omnia
1327 1103 1595 1162 poterant
1630 1093 1821 1146 adhuc

187 1173 487 1240 explioere.

1919 924 2086 1079 tsede
2134 925 2517 1005 apostolica
2574 925 2632 987 si
2699 925 3075 1008 episcopus
3143 927 3359 990 nollet
3416 929 3551 989 hoc

1947 1038 2167 1081 acere.

1869 1256 1874 1269 .
1920 1223 2017 1286 55.
2074 1243 2135 1250 —
2204 1227 2379 1287 1229,
2429 1206 2565 1270 ian.
2616 1207 2845 1291 (senza
2888 1207 3097 1292 data).

243 1270 280 1331 1-
316 1268 450 1334 Ego
489 1269 768 1321 Iacomus
805 1267 1188 1328 Alamannus,
1227 1267 1375 1321 sacri
1409 1266 1615 1332 palacii
1651 1273 1822 1320 nota—

1869 1298 1875 1511 1
2007 1343 2391 1424 Praecepta
2434 1341 2618 1406 facta
2660 1365 2703 1406 a
2748 1345 3136 1407 rectoribus
3182 1345 3387 1408 Adae
3418 1344 3549 1408 Ga—

1921 1437 2145 1498 lassae
2192 1437 2312 1518 qui
2358 1437 2569 1500 debet
2610 1437 2711 1500 ire
2756 1437 3157 1502 Novariam.

185 1345 305 1408 riuS,
345 1344 585 1398 interfui
625 1355 684 1398 et
721 1345 869 1397 hanc
907 1354 1121 1398 cartam
1148 1353 1383 1410 rogatus
1417 1343 1636 1410 scripsi.

183 1537 268 1595 49.
313 1553 398 1561 —
457 1520 643 1588 1228,
689 1518 859 1599 sept.
911 1519 1009 1588 26,
1058 1514 1151 1588 II,
1209 1513 1592 1576 Cremonae.

255 1653 581 1715 Boninus
631 1651 804 1715 dicit
847 1651 1166 1714 Teboldo
1213 1653 1301 1713 de
1333 1648 1669 1712 Teboldis
1715 1669 1821 1710 ar-

183 1748 358 1809 bitro
385 1747 588 1829 quod
615 1748 870 1809 debeat
894 1745 995 1807 ire
1022 1746 1109 1808 ad
1135 1744 1619 1826 accipiendum
1665 1763 1823 1805 con-

179 1841 436 1916 silium;
472 1851 545 1902 et
585 1840 854 1902 arbiter
897 1838 1275 1920 respondet
1315 1839 1597 1900 credere
1635 1836 1824 1918 quod
1872 1832 1877 1899 ἱ
1926 1841 2119 1902 Pado
2141 1841 2231 1902 ad
2260 1839 2715 1904 Oldebertum
2746 1841 3153 1924 episcopum
3184 1843 3249 1905 N
3254 1844 3555 1918 ovariae,

177 1955 297 2016 pro
327 1945 538 2016 parte
569 1933 962 1998 communis
1001 1943 1138 1995 stat
1181 1931 1372 2015 quod
1407 1949 1546 1994 non
1589 1929 1827 1992 finitur
1925 1933 2256 2016 quatinus
2335 1933 2601 1998 deserat
2673 1955 2953 1998 causam
3032 1935 3287 1998 Bonini
3376 1934 3558 2000 ultra

177 2029 538 2109 placitum.
1925 2029 2236 2100 pascam,
2270 2028 2327 2090 si
2362 2047 2529 2090 vero
2559 2048 2699 2090 non
2741 2029 2986 2110 possit,
3019 2028 3251 2093 locum
3280 2030 3559 2094 ordinet

1925 2135 1995 2184 et
2040 2122 2223 2184 diem
2270 2123 2360 2184 ad
2404 2122 2923 2202 procedendum
2969 2123 3041 2185 in
3087 2122 3275 2186 dicta
3321 2144 3553 2188 causa.

1921 1615 2018 1689 56.
2080 1647 2135 1656 ·-
2202 1631 2379 1690 1229,
2428 1608 2567 1672 ian.
2614 1610 2843 1694 (senza
2889 1609 3098 1696 data).

2008 1745 2315 1809 Litterae
2360 1746 2634 1810 abbatis
2680 1745 2749 1809 S.
2796 1747 3158 1812 Benedicti
3212 1749 3557 1831 desupra

177 2234 268 2294 5ο.
314 2251 402 2260 —
461 2219 648 2288 1228,
694 2233 850 2276 nov.
899 2232 957 2293 5,
1005 2213 1060 2286 J,
1107 2212 1344 2276 Astae.

1923 2325 2020 2388 57.
2068 2345 2151 2354 -
2206 2329 2383 2388 1229,
2432 2308 2569 2372 ian.
2626 2331 2716 2390 17,
2770 2311 2880 2383 II,
2935 2308 3009 2374 in
3060 2311 3321 2394 palatio
3371 2313 3552 2397 picto

255 2352 568 2414 Iacobus
659 2351 748 2413 de
845 2349 1385 2413 Montemolerio
1480 2347 1826 2430 promittit
2011 2399 2307 2486 episcopi
2344 2402 2771 2467 novam-emis

175 2459 324 2508 rata
383 2456 460 2508 et
512 2443 720 2506 firma
780 2463 855 2506 se
902 2442 1303 2505 habiturum
1357 2442 1592 2505 omnia
1647 2461 1826 2526 quae

177 2538 593 2602 Bonifacius
617 2537 805 2600 filius
832 2557 1020 2611 suuS‚
1055 2537 1174 2619 qui
1207 2535 1462 2599 dicitur
1490 2536 1824 2610 Boninus,
2012 2541 2247 2604 Adam
2270 2540 2568 2606 Galassa
2592 2546 2711 2606 dat
2728 2544 3029 2608 litteram
3049 2546 3323 2608 abbatis
3342 2547 3411 2608 S.
3430 2547 3556 2608 Be-

173 2632 408 2697 faciet.
1927 2634 2186 2698 nedicti
2232 2636 2567 2717 episcopo
2612 2639 2674 2700 N
2680 2638 2980 2702 ovariae.

173 2843 254 2904 51.
303 2861 394 2870 ——
451 2829 636 2898 1228,
683 2823 817 2887 dec.
867 2844 924 2903 9,
971 2823 1067 2896 II,
1124 2823 1506 2887 Cremonae.
1926 2829 2022 2902 58.
2070 2859 2137 2870 --
2206 2845 2385 2905 1229,
2477 2825 2565 2888 id.
2654 2825 2743 2890 id.

257 2959 573 3044 Egidius
644 2962 733 3023 de
791 2959 1018 3024 Gadio
1077 2958 1386 3022 sindicus
1447 2955 1828 3021 Cremonae
2013 2961 2247 3026 Adam
2294 2963 2585 3028 Galassa
2640 2967 2950 3048 appellat
3006 2967 3094 3030 ad
3150 2967 3552 3048 pontificem

175 3068 245 3119 et
289 3057 620 3118 Boninus
683 3054 1258 3136 compromittunt
1317 3054 1388 3116 in
1433 3051 1824 3116 Teboldum
1930 3075 1971 3117 a
2036 3058 2379 3119 sententia
2443 3059 2793 3122 interdicti
2860 3061 3000 3122 lata
3068 3063 3157 3123 ab
3222 3061 3555 3142 episcopo

173 3153 260 3213 de
305 3150 658 3213 Teboldis
704 3159 774 3212 et
820 3149 1210 3211 Norathum
1259 3148 1346 3210 de
1411 3147 1826 3209 Malumbris
1929 3161 2173 3214 contra
2204 3151 2708 3215 Cremonenses
2754 3163 2823 3216 et
2866 3176 2907 3217 a
2950 3155 3212 3218 iudicio
3258 3155 3426 3218 eius,

173 3246 491 3307 arbitros
541 3263 768 3325 usque
815 3243 906 3305 ad
945 3261 1014 3321 ¹5
1064 3241 1234 3304 dies.
3146 3269 3151 3274 ·

1929 3356 2027 3419 59.
2073 3379 2155 3386 -
2209 3361 2385 3422 1229,
2432 3340 2571 3406 ian.
2626 3348 2719 3414 18,
2770 3342 2893 3405 sub
2949 3341 3211 3427 palatio
3266 3341 3563 3427 episcopi

175 3451 274 3510 52.
323 3469 414 3476 —
469 3434 657 3501 1228,
701 3429 766 3492 d.
812 3425 1168 3492 Novariae
1225 3427 1456 3510 (senza
1523 3424 1684 3488 data
1749 3423 1836 3488 ed
2017 3433 2386 3500 Asovariae,

265 3524 698 3588 mdwazwnc
741 3522 812 3586 ὠ
855 3522 1106 3607 lu⁰g⁰)‘
2015 3572 2329 3635 Nuncius
2386 3572 2789 3644 Cremonae,
2848 3570 2919 3632 in
2972 3570 3367 3652 praesentia
3418 3572 3563 3652 epi-

265 3663 680 3745 Episcopus
732 3659 1102 3733 Novariae,
1149 3660 1281 3722 sub
1339 3678 1568 3740 poena
1625 3657 1830 3719 inter·
1933 3665 2149 3747 scopi,
2210 3665 2515 3728 ostendit
2575 3664 2841 3727 litteras
2906 3662 3231 3745 Gregorii
3299 3664 3428 3736 IX,
3495 3666 3561 3727 d.

181 3758 378 3832 dicti,
439 3754 793 3839 praecipit
851 3753 1244 3817 rectoribus
1303 3750 1720 3816 consiliariis
1763 3757 1833 3812 et
1933 3759 2224 3833 perusii,
2282 3764 2458 3829 1228,
2506 3757 2645 3821 iun,
2702 3763 2795 3820 18,

180 3849 550 3915 communi
596 3849 982 3913 Cremonae
1026 3847 1354 3930 quatinus
1407 3845 1677 3908 decima
1721 3843 1833 3906 die

181 3957 348 4028 post
395 3942 882 4025 receptionem
947 3942 1290 4025 epistolae
1335 3959 1504 4003 suae
1550 3938 1835 4002 veniant
1934 3947 2035 4006 60.
2074 3978 2148 3989 -—
2190 3960 2367 4019 1229,
2457 3937 2545 4001 id.
2634 3937 2723 4002 id.

182 4060 425 4104 coram
499 4057 580 4100 se
644 4036 1034 4100 restituturi
1110 4036 1368 4098 bullam
1437 4042 1506 4096 et
1584 4033 1834 4096 instru-

734 4131 748 4144 .
1699 4128 1711 4140 .
2019 4075 2333 4141 Nuncius
2380 4076 2627 4137 iterum
2676 4075 2983 4155 appellat
3034 4075 3123 4136 ad
3159 4072 3561 4154 pontificem

183 4145 428 4198 menta
460 4151 650 4214 quae
681 4131 1028 4194 Violenter
1073 4129 1512 4192 abstulerunt
1541 4127 1834 4190 Bon1n0.

1937 4191 1977 4235 a
2022 4170 2369 4234 sententia
2413 4178 2482 4231 et
2524 4167 2785 4230 iudicio
2831 4168 3168 4249 episcopi.

187 4358 286 4419 53·
333 4375 419 4384 -·
477 4357 641 4416 1229
688 4339 878 4418 (1223
939 4333 1110 4414 im&
1178 4331 1316 4395 icm-
1374 4354 1466 4406 ¹0²
1535 4332 1627 4404 JJ,
1685 4331 1835 4396 cre·
1937 4364 2020 4422 61.
2068 4397 2150 4404 —
2205 4378 2363 4437 1229
2408 4361 2598 4440 (1228
2658 4356 2829 4435 ina),
2889 4354 3025 4417 ian.
3086 4359 3185 4429 28,
3250 4355 3343 4426 II,
3416 4356 3567 4419 Cre-

275 4451 546 4496 monae·
2023 4471 2279 4524 monae,
2326 4449 2397 4514 in
2435 4449 2697 4534 palatio
2742 4447 3047 4532 epis-copi.

277 4571 646 4636 Henricus
707 4569 1092 4632 advocatus
1147 4568 1392 4630 consul
1445 4566 1830 4629 Cremonae
2023 4586 2485 4648 Homobonus
2530 4583 2903 4664 episcopus
2949 4582 3251 4645 restituit
3297 4579 3569 4644 Bonino

193 4679 266 4730 et
305 4666 620 4749 Egidius
681 4665 768 4726 de
834 4662 1063 4726 Gadio
1109 4663 1420 4724 sindicus
1480 4658 1839 4722 nominant
1885 4638 1890 4717 l
1943 4685 2020 4742 23
2080 4689 2307 4741 cartas
2372 4679 2460 4740 ab
2536 4697 2619 4738 ΘΟ
2694 4677 3071 4757 productas
3150 4677 3221 4738 in
3296 4677 3573 4738 duobus

193 4771 732 4842 procuratorem
767 4757 859 4820 ad
902 4757 1208 4818 dandum
1240 4754 1474 4816 abbati
1512 4755 1582 4815 S.
1619 4753 1837 4814 Bene-
1939 4773 2229 4836 mechis·

197 4853 366 4917 dicti
411 4853 598 4916 Padi
665 4851 920 4914 Lirone
986 4849 1290 4912 litteram
1343 4846 1668 4928 Gregorii
1730 4845 1838 4908 IX
1886 4868 1890 4961 Ῑ

199 4952 285 5026 (V-
331 4969 394 5011 a·
453 4951 639 5016 1228,
688 4945 830 5008 iun·
889 4944 1007 5023 18)·
1939 4961 2035 5022 62.
2118 4995 2165 5004 —
2220 4977 2377 5035 1229
2422 4959 2609 5037 (1228
2656 4953 2827 5036 ina),
2869 4955 3055 5041 febr.
3114 4977 3205 5034 14,
3269 4957 3360 5028 II,
3418 4956 3570 5019 Cre-

1888 5076 1891 5133 3
2030 5071 2281 5113 monae.

201 5174 294 5234 5⁴·
339 5191 426 5202 ”“““
485 5171 650 5255 ¹²²9
697 5153 888 5234 (¹²²8
925 5148 1108 5254 ‚imm
1177 5147 1314 5212 ian·
1391 5167 1484 5226 ¹5⁹
1540 5143 1632 5220 [γ’
1686 5143 1840 5210 Cn'*
1888 5156 1891 5179 ¹
2025 5187 2363 5250 Consules
2388 5197 2457 5249 et
2482 5186 2848 5248 consilium
2875 5185 3307 5248 constituunt
3338 5185 3571 5246 Adam

285 5267 548 5319 monae'
591 5266 668 5308 ²⁷²
701 5243 988 5330 palam·
1941 5279 2303 5344 Galassam
2350 5281 2695 5342 sindicum
2734 5281 2803 5342 in
2838 5295 3049 5342 causa
3088 5297 3243 5341 cum
3298 5277 3573 5340 Bonino

283 5388 592 5467 Iacopus
639 5383 728 5445 de
772 5383 1018 5464 Burgo
1047 5390 1118 5443 et
1147 5380 1316 5443 Otto
1349 5382 1436 5441 de
1482 5377 1841 5441 Divitiolis
1889 5406 1893 5466 Ι
1941 5386 2101 5438 ante
2124 5375 2535 5438 Guifredum
2570 5375 2991 5437 cardinalem
3026 5375 3229 5436 titulo
3256 5373 3325 5434 S.
3351 5368 3575 5434 Marci

209 5483 532 5543 consules
607 5477 875 5540 faciunt
943 5476 1174 5538 Adam
1243 5475 1601 5536 Galassam
1672 5491 1841 5534 nun-
1889 5470 1893 5545 Ι
1939 5470 2367 5551 apostolicae
2414 5470 2597 5530 sedis
2644 5471 2975 5552 legatum.
