4050 6109
537 3718 542 3723 .
571 3665 645 3719 ab
680 3664 789 3717 illis
825 3662 924 3730 qui
961 3670 1260 3723 steterunt,
1289 3670 1443 3715 stant
1476 3670 1534 3715 et
1569 3661 1797 3715 stabant
1819 3660 1893 3713 ad
1930 3659 2203 3713 mandata

511 314 588 387 38
1509 316 1780 366 CODICE
1825 313 2354 363 DiPLoMATrCO
2399 306 2865 362 CREMONESE

520 442 1159 449 -.—-———-—.——..——--—..--
1256 440 1406 445 -..——

1718 438 1837 443 -——
1856 436 2188 445 .-—————
2227 436 2324 441 m-

2591 434 2641 439 -..
3333 430 3778 437 —ffl-—u

2195 471 2199 504 Ι

513 579 648 617 nem
685 560 760 616 de
803 562 1026 615 Gavata
1067 561 1188 614 sive
1237 560 1536 613 Duxinuin
1571 558 1646 611 de
1683 556 1860 611 Stella
1892 554 2147 609 notarios
2195 539 2201 582 ¹
2246 574 2557 613 commune
2591 559 2915 612 Cremonae
2952 574 3067 612 non
3104 558 3364 627 acquirat
3403 558 3637 626 aliquod
3683 560 3773 612 ius
3814 559 3867 611 in

515 656 618 695 seu
655 656 758 707 per
793 639 1038 693 alterum
1075 654 1278 692 eorum
1315 646 1374 691 et
1409 652 1512 703 per
1547 652 1724 703 quam
1768 633 1963 702 plures
2005 632 2148 685 alios
2198 619 2202 714 i
2245 635 2413 688 dictis
2447 634 2877 689 venditionibus
2896 675 2910 698 ,
2948 636 3355 689 donationibus
3376 675 3389 695 ,
3427 636 3785 688 cessionibus
3818 646 3873 689 et

515 717 770 771 notarios
794 716 1139 777 Cremonae,
1161 724 1218 769 et
1242 714 1438 770 omnia
1462 721 1694 773 statuta,
1713 709 2150 766 reformationes
2246 711 2688 765 alienationibus
2742 712 2903 765 factis
2954 728 3057 778 per
3108 712 3363 779 aliquem
3416 711 3777 778 Capelletum
3818 713 3869 765 in

518 803 578 849 et
611 793 998 861 provisiones.
1019 831 1065 848 ..
2248 788 2445 855 aliquo
2478 788 2863 843 Truncazuffo
2898 806 2931 843 a
2967 789 3121 843 dicto
3150 798 3413 856 tempore
3447 788 3603 842 cisra.

1287 942 1376 996 49.
2204 1015 2207 1034 Ι
3025 976 3111 1026 5²·

1071 1064 1279 1118 Deficit
1313 1064 1621 1131 reliquum·
2548 1082 2640 1134 De
2671 1080 2857 1147 officio
2890 1080 3095 1133 maists
3128 1080 3589 1134 bandezatorum.

595 1204 820 1259 ...ficta
871 1202 1142 1257 furmenti
1166 1242 1178 1265 ,
1217 1202 1373 1255 bladi
1423 1218 1526 1255 seu
1575 1199 1809 1254 alterius
1859 1195 2157 1251 annuatim
2328 1209 2473 1261 stem
2515 1208 2674 1277 quod
2714 1206 2907 1270 iudex,
2946 1209 3047 1276 qui
3090 1208 3401 1275 deputatus
3435 1207 3606 1262 suerit
3646 1224 3751 1275 per
3790 1208 3883 1261 (10-

526 1282 824 1335 reddenda
867 1297 970 1334 seu
1016 1280 1089 1333 ad
1125 1280 1269 1332 aliOS
1312 1279 1590 1333 terminos
1615 1318 1627 1341 ,
1663 1294 1814 1344 quae
1867 1275 1998 1329 ficta
2048 1273 2161 1327 501-
2260 1284 2499 1338 minium
2535 1293 2881 1352 potestatem
2904 1286 2979 1339 ad
3005 1284 3259 1339 officium
3294 1287 3585 1339 honorum
3610 1286 3885 1339 bandeza-

525 1374 661 1411 Vere
696 1374 812 1411 n0¹¹
849 1366 1161 1424 potuerunt
1214 1365 1448 1423 Propter
1482 1355 1819 1409 durissimas
1853 1362 1912 1407 et
1957 1366 2161 1418 graves
2260 1370 2449 1415 torum
2474 1402 2487 1423 ,
2526 1370 2789 1416 teneatur
2822 1372 2881 1415 et
2928 1362 3141 1416 debeat
3186 1360 3453 1416 ordinare
3505 1371 3732 1417 certum
3786 1370 3885 1414 ter-

529 1435 846 1503 passiones,
885 1433 1283 1488 tribulatiOUeS
1319 1442 1376 1507 et
1411 1434 1625 1485 damna
1665 1430 1852 1484 &weris
1885 1438 1944 1483 et
1967 1444 2162 1496 perso·
2209 1477 2215 1546 Ι
2263 1440 2481 1491 minum
2504 1479 2515 1501 ,
2554 1448 2726 1506 prout
2760 1439 2813 1493 ei
2850 1439 3156 1503 videbitur,
3196 1438 3341 1493 infra
3374 1456 3549 1507 quern
3588 1446 3887 1492 teneantur

529 1529 732 1566 narum
753 1553 765 1575 ,
804 1528 956 1580 quae
993 1511 1146 1577 passi
1179 1510 1410 1564 suerunt
1445 1526 1600 1563 anno
1647 1506 1908 1575 ΡΙὈΧῙΠΙΘ
1943 1513 2165 1573 praete·
2262 1525 2321 1569 et
2360 1516 2613 1569 debeant
2662 1532 2866 1569 omnes
2911 1524 2968 1569 et
3012 1515 3222 1582 singuli
3264 1515 3522 1569 dicentes
3566 1532 3630 1569 se
3682 1516 3888 1569 habere

531 1590 640 1644 rito
665 1599 723 1643 et
743 1588 1048 1656 praesenti.
1075 1588 1296 1641 IdCiI‘CO
1333 1595 1611 1641 statutum
1647 1594 1753 1645 est,
1775 1584 1934 1652 quod
1959 1599 2165 1636 omues
2211 1569 2217 1657 ι
2265 1594 2353 1646 ius
2398 1592 2453 1645 in
2500 1592 2667 1645 dictis
2720 1592 2888 1645 bonis
2930 1608 3265 1660 comparere
3310 1608 3506 1647 coram
3544 1592 3672 1659 ipso
3708 1592 3889 1643 iudice

532 1667 745 1721 habere
781 1665 1064 1719 debentes
1099 1664 1230 1719 ficta
1265 1665 1537 1719 furmenti
1573 1664 1647 1717 ab
1683 1661 1876 1729 aliqua
1918 1676 2166 1727 persona
2212 1662 2219 1770 1
2264 1686 2397 1723 cum
2433 1669 2711 1733 omnibus,
2738 1685 2943 1723 eorum
2976 1668 3216 1724 iuribus.
3258 1669 3332 1722 Et
3356 1670 3503 1721 ultra
3529 1668 3753 1722 dictum
3788 1678 3890 1721 ter-

533 1744 608 1797 de
657 1754 818 1811 parte
853 1742 1129 1796 ecelesiae
1167 1743 1490 1795 Cremonae
1525 1756 1642 1794 1²0³
1679 1738 1900 1807 possint
1933 1737 2167 1803 exigere
2214 1777 2219 1814 Ι
2268 1748 2487 1799 minum
2524 1746 2731 1813 aliquis
2764 1762 2881 1799 non
2918 1746 3187 1799 audiatur
3222 1746 3340 1800 ullo
3378 1746 3555 1799 modo
3606 1746 3666 1799 in
3704 1746 3891 1811 aliquo

535 1838 640 1889 pro
678 1821 811 1874 ficto
846 1820 982 1873 dicti
1019 1818 1291 1872 surmessti
1327 1818 1462 1872 anni
1499 1816 1748 1885 proximi
1785 1814 2096 1882 praeteriti,
2134 1830 2169 1866 a
2216 1823 2221 1914 ἱ
2267 1840 2374 1877 suo
2412 1823 2552 1876 iure.
2593 1824 2666 1876 Et
2704 1823 2877 1875 iudex
2918 1831 3183 1877 teneatur
3215 1832 3273 1877 et
3308 1823 3521 1877 debeat
3562 1823 3814 1877 breviter
3841 1834 3893 1875 et

537 1907 802 1963 tempore
848 1912 967 1964 quo
1011 1896 1170 1949 venit
1217 1896 1291 1949 D.
1342 1896 1389 1947 F
1393 1895 1680 1949 ranCiSCUS
1726 1892 1799 1946 de
1851 1892 2171 1945 Cravixana
2268 1900 2600 1954 summatim
2654 1916 3005 1965 cognoscere
3058 1908 3117 1953 et
3160 1900 3469 1954 terminare
3492 1939 3505 1963 ‚
3544 1900 3793 1967 probare
3842 1910 3893 1952 et

537 1991 644 2041 pro
678 1974 890 2027 vicario
937 1973 1180 2026 civitatis
1227 1974 1550 2027 Cremonae
1588 1986 1772 2038 usque
1823 1969 1896 2023 ad
1940 1976 2172 2035 tempus
2218 1969 2221 1984 '
2270 1976 2577 2044 reprobare
2614 1975 2737 2029 iura
2770 1975 3027 2043 predicta
3051 1993 3201 2044 quae
3238 1993 3435 2030 coram
3472 1977 3599 2043 ipso
3622 1977 3895 2043 producta

539 2050 942 2118 publicationis
979 2050 1368 2116 praesentium
1405 2057 1768 2108 statutorum,
1809 2048 1972 2101 aliter
1993 2062 2170 2113 quam
2218 2013 2225 2132 ἱ
2272 2052 2497 2121 suerint,
2549 2053 2881 2107 reducendo
2928 2054 2985 2106 in
3020 2053 3243 2120 scriptis
3278 2054 3475 2107 omnia
3511 2070 3667 2121 quae
3705 2054 3897 2120 proba-

541 2128 684 2183 infra
721 2126 1063 2181 continetur.
1097 2128 1168 2179 Et
1204 2125 1562 2193 praedictum
1597 2124 1942 2178 beneficium
1981 2123 2172 2177 locuni
2222 2157 2226 2212 Ι
2274 2132 2459 2184 verint
2494 2130 2701 2191 valere,
2739 2139 2797 2183 et
2832 2146 2937 2196 pro
2972 2140 3189 2197 quanta
3212 2131 3552 2198 quantitate,
3574 2140 3635 2184 et
3662 2130 3719 2182 in
3750 2147 3899 2195 prae-

541 2206 754 2259 babeat
791 2204 846 2257 in
875 2203 1201 2256 volentibus
1227 2204 1452 2257 solvere
1481 2202 1658 2257 modo
1695 2200 2052 2267 infrascripto
2076 2216 2178 2266 per
2222 2215 2227 2272 ξ
2274 2207 2440 2261 dictis
2466 2207 2653 2260 dictus
2678 2206 2853 2259 iudex
2878 2208 3059 2273 possit
3084 2207 3399 2273 procedere
3422 2222 3524 2273 per
3546 2207 3899 2260 coniecturas

546 2290 734 2337 tOtum
803 2296 1062 2334 mensem
1121 2281 1240 2334 iulii
1301 2281 1566 2348 proxime
1623 2279 1953 2331 venientem
2014 2278 2181 2330 dum·
2224 2295 2229 2326 ¹
2276 2294 2333 2337 et
2370 2284 2581 2337 indicia
2608 2293 2667 2337 et
2702 2284 3199 2350 praesumptiones
3224 2284 3301 2337 ad
3326 2299 3491 2338 suam
3528 2283 3773 2337 liberam
3814 2300 3901 2335 vo-

549 2360 729 2413 modo
765 2358 980 2413 sactum
1027 2357 1198 2411 suerit
1234 2358 1492 2411 bannum
1529 2373 1632 2411 seu
1676 2354 2038 2410 denuntiatio
2076 2370 2181 2420 per
2225 2353 2231 2406 ἱ
2276 2361 2577 2421 luntatem,
2616 2368 2674 2413 et
2708 2359 2871 2426 quod
2894 2360 3173 2428 quicquid
3206 2360 3403 2413 fecerit
3424 2360 3483 2413 in
3506 2359 3821 2427 praedictis
3852 2370 3903 2411 et

548 2436 852 2489 dominum
889 2452 992 2488 seu
1029 2434 1344 2488 creditores
1381 2449 1485 2501 pro
1529 2432 1663 2486 ficto
1711 2430 2005 2499 praedicto
2028 2470 2043 2495 ‚
2082 2429 2180 2483 ubi
2278 2438 2427 2492 circa
2473 2437 2767 2504 praedicta
2809 2437 2883 2490 sit
2916 2436 3144 2490 firmum
3188 2446 3248 2491 et
3291 2438 3448 2490 nullo
3498 2436 3685 2490 modo
3734 2438 3903 2503 possit

549 2522 774 2568 tanturn
837 2512 1085 2579 pretium
1134 2520 1414 2579 quantum
1473 2511 1546 2564 de
1603 2510 1786 2577 pretio
1840 2508 2020 2575 ipsius
2062 2506 2183 2559 fru-
2280 2515 2527 2580 infringi,
2564 2513 2773 2567 cassari
2810 2514 2899 2566 vel
2936 2513 3160 2575 irritari,
3196 2530 3303 2567 nec
3340 2514 3523 2579 possit
3554 2530 3590 2567 a
3628 2513 3753 2566 suis
3786 2528 3903 2578 pro·

552 2588 732 2643 menti
767 2589 1056 2651 convenit,
1081 2596 1252 2655 prout
1282 2587 1336 2640 5¹¹
1370 2596 1524 2641 casta
1551 2586 1937 2649 investiturae,
1967 2593 2027 2637 et
2055 2600 2184 2650 ΡΓΟ·
2231 2633 2235 2645 .
2280 2592 2537 2645 cessibus
2556 2590 2848 2657 appellari,
2866 2606 2971 2645 nec
2988 2606 3129 2643 suae
3149 2592 3469 2645 sententiae
3488 2590 3686 2643 nullae
3710 2589 3904 2649 dici,et

556 2666 829 2720 missione
865 2665 979 2719 ficti
1015 2666 1358 2719 continetur.
1399 2665 1471 2717 Et
1495 2664 1541 2716 si
1566 2663 1909 2729 reperiretur
1931 2661 2183 2729 aliquem
2281 2668 2475 2721 locum
2510 2668 2721 2721 habeat
2754 2667 2813 2720 in
2849 2667 3237 2721 contractibus
3272 2666 3437 2720 sactis
3472 2676 3605 2720 ante
3644 2667 3904 2719 calendas

555 2743 630 2796 de
667 2742 818 2796 dicta
854 2751 1014 2809 parte
1051 2742 1325 2795 ecclesiae
1362 2741 1576 2794 debere
1611 2749 1900 2807 praestare
1937 2739 2186 2791 surmen-
2234 2795 2237 2812 Ι
2284 2744 2524 2799 ianuarii
2558 2744 2725 2797 annis
2758 2743 3121 2798 currentibus
3158 2745 3234 2798 Μ,
3273 2745 3439 2798 CCC.
3480 2744 3548 2799 X,

557 2830 680 2874 tum
717 2820 841 2872 sine
877 2820 1249 2872 extimatione
1285 2836 1388 2871 seu
1433 2818 1617 2883 pretio
1654 2817 1831 2884 ipsius
1876 2814 2184 2873 surmendi,
2235 2870 2240 2888 1

558 2913 675 2950 nori
713 2896 896 2963 possit
928 2895 1079 2961 exigi
1117 2912 1220 2961 pro
1257 2894 1389 2948 ficto
1421 2892 1560 2947 dicti
1599 2892 1734 2947 anni
1771 2892 2031 2959 proxime
2064 2907 2189 2958 pre—

557 2972 707 3027 teriti
744 2972 850 3025 nisi
886 2972 961 3025 ad
998 2972 1279 3025 rationem
1315 2981 1563 3039 quatuor
1593 2970 1891 3023 soldorum
1929 2967 2192 3035 imperia·
2237 2977 2241 2992 '
3056 2930 3141 2981 53'

558 3050 700 3103 lium
755 3066 858 3116 pro
908 3048 1168 3115 quolibet
1222 3048 1508 3109 sextariO,
1549 3064 1663 3101 non
1715 3047 1982 3100 obstante
2029 3043 2192 3114 quod
2238 3025 2243 3078 1
2545 3034 2799 3087 Rubrt’ca
2834 3035 2983 3103 quod
3014 3034 3154 3087 libri
3184 3034 3673 3102 reformationum

559 3126 840 3182 terminus
876 3126 1012 3179 dicti
1047 3126 1182 3178 anni
1217 3124 1290 3178 sit
1314 3126 1562 3192 elapsus,
1594 3126 1666 3178 Et
1689 3124 1848 3192 quod
1875 3123 2050 3177 etiam
2074 3138 2191 3175 non
2239 3095 2247 3254 ἱ
2414 3108 2472 3157 et
2498 3104 2753 3155 aliorum
2785 3106 3045 3156 aflorum
3070 3108 3368 3171 POMMW‘
3400 3101 3461 3156 ὑὶ
3495 3103 3799 3156 armarii-5·

562 3204 744 3272 possit
778 3202 930 3269 exigi
965 3202 1208 3269 duplum
1245 3200 1380 3255 dicti
1419 3200 1532 3255 ficti
1569 3218 1674 3267 pro
1707 3217 1862 3253 anno
1898 3198 2194 3267 praedicto
2364 3232 2509 3283 Item
2544 3228 2752 3282 eodem
2792 3228 3097 3283 millesimo
3132 3228 3446 3283 indictione
3482 3237 3540 3282 et
3576 3244 3781 3283 mense
3802 3238 3910 3283 sta-

565 3281 910 3368 praeterito3
940 3288 1008 3367 ‘et
1053 3280 1163 3331 hoc
1214 3278 1405 3367 locum
1455 3278 1664 3367 habeat
1700 3277 1756 3331 in
1795 3277 1903 3330 illis
1939 3277 2048 3365 qui.
2078 3276 2195 3329 sue-
2242 3267 2248 3356 Ἰ
2296 3316 2483 3361 tutum
2520 3314 2628 3367 est,
2656 3305 2818 3373 quod
2854 3322 3061 3359 omnes
3094 3306 3223 3359 libri
3252 3305 3729 3359 reformationum
3754 3322 3911 3372 gene-

566 3366 702 3411 runt
737 3358 954 3409 banniti
981 3395 992 3417 ,
1032 3356 1303 3408 confinati
1352 3364 1621 3409 carcerati
1666 3364 1724 3407 et
1768 3354 2051 3407 absentati
2096 3370 2199 3406 oc-
2244 3403 2249 3444 Ι
2296 3383 2499 3437 talium
2542 3392 2599 3436 et
2634 3383 3027 3450 quorumlibet
3078 3382 3439 3449 sapientum,
3478 3391 3539 3436 et
3576 3400 3781 3436 omnes
3828 3382 3909 3435 alii

567 3434 800 3522 emique
849 3433 1024 3499 partis
1070 3432 1344 3485 eceleSiae
1379 3440 1436 3484 et
1481 3432 1538 3484 in
1584 3431 1842 3498 pambus
1877 3440 1936 3483 et
1977 3429 2198 3519 filiis.ef
2245 3449 2250 3512 Ι
2294 3459 2423 3513 libri
2459 3468 2719 3513 actorum
2744 3467 2802 3512 et
2826 3460 3234 3526 scripturarum
3260 3458 3540 3512 sactorum
3564 3466 3627 3513 et
3650 3460 3909 3513 factarum

568 3511 838 3565 fratribus
882 3522 1084 3562 eorum
1128 3518 1372 3562 tantum.
1412 3508 1584 3563 Salvo
1620 3524 1691 3561 eo
1729 3508 1888 3575 quod
1925 3508 2199 3573 praedicti
2296 3546 2355 3590 et
2378 3552 2528 3603 quae
2564 3536 2623 3589 in
2658 3536 2913 3590 summm
2940 3536 3083 3589 fient
3112 3534 3187 3588 ad
3226 3536 3476 3589 bancum
3514 3536 3733 3589 domini
3761 3544 3913 3602 pote—

571 3588 783 3641 habere
821 3586 1101 3640 debentes
1138 3585 1290 3639 dicta
1345 3584 1474 3638 sicta
1525 3602 1642 3637 non
1699 3584 1920 3652 possint
1971 3584 2201 3649 exigere
2298 3613 2459 3667 statis
2493 3622 2551 3666 et
2584 3612 2789 3665 iudicis
2824 3612 3253 3680 maleficiorum,
3288 3621 3347 3665 et
3381 3612 3457 3664 ad
3494 3613 3783 3666 banchum
3828 3628 3907 3665 cu·

573 3740 897 3795 communis
920 3739 1245 3792 Cremonae
1287 3748 1596 3806 postquam
1621 3756 1751 3805 pars
1774 3738 2199 3803 Capellatorum
2300 3690 2529 3779 iusum-t
2564 3690 2765 3742 indiCis
2800 3697 2859 3777 ef
2893 3690 3151 3779 offleians
3186 3698 3307 3779 ἵξῃ
3344 3689 3595 3779 {naid-ae
3630 3690 3913 3777 comm-'⁰¹3¹

575 3834 760 3884 nuper
797 3816 1024 3870 intravit
1049 3780 1419 3877 Cremonam,
1449 3814 1553 3868 nisi
1591 3814 1777 3868 solum
1815 3814 1890 3867 ad
1919 3814 2201 3867 rationem
2250 3807 2255 3868 Ι
2300 3777 2358 3820 et
2392 3783 2519 3833 oepl
2544 3782 2719 3833 quam
2748 3766 3052 3820 cu¹u⁸hbet
3084 3768 3319 3820 astemus
3356 3768 3560 3819 mdlms
3584 3772 3647 3819 et
3673 3766 3915 3819 Offimahs

1081 3893 1092 3905 .
1267 3892 1279 3903 .
1344 3892 1354 3903 .
1783 3890 1794 3903 .
2128 3890 2139 3902 .
2251 3871 2255 3900 ι
2301 3843 2625 3897 communis
2677 3852 2736 3895 et
2791 3842 2990 3910 populi
3043 3844 3401 3907 Cremonae,
3456 3843 3820 3909 deponantur
3866 3850 3917 3893 et

573 3904 705 3948 octo
743 3893 1040 3946 soldorum
1080 3892 1460 3958 imperialium
1498 3908 1602 3957 pro
1639 3892 1898 3959 quolibet
1933 3899 2203 3958 sextar10‚
2301 3920 2515 3987 deponi
2560 3920 2813 3974 debeant
2856 3920 2913 3973 in
2962 3920 3221 3973 armariis
3266 3920 3595 3973 communis
3639 3928 3698 3973 et
3734 3918 3915 3986 populi

575 3980 636 4025 et
669 3970 792 4024 aliis
829 3986 945 4023 non
971 4010 983 4033 ,
1023 3970 1124 4035 qui
1171 3986 1287 4022 non
1335 3976 1488 4022 stant
1524 3968 1613 4021 vel
1662 3968 1891 4021 stabant
1924 3967 1999 4020 ad
2046 3984 2205 4020 man-

576 4048 710 4101 data
745 4046 1071 4101 communis
1119 4047 1412 4111 priventur
1448 4044 1832 4098 instrumento
1867 4053 2067 4099 contra
2102 4058 2205 4097 eos
2252 4003 2257 4040 ἱ
2304 3998 2645 4084 Cre-mf’nqe’
2683 3996 2758 4051 ad
2794 3998 2905 4050 hoc
2930 4005 2993 4051 Ut
3028 3997 3104 4085 de.
3140 3997 3277 4085 ipSiS
3312 3998 3495 4063 9⁰⁵³st
3528 3996 3697 4086 copi?
3720 3995 3915 4049 haberi·

580 4126 748 4181 sacto·
1045 4088 1054 4096 ’
2253 4087 2257 4104 ¹
2306 4074 2421 4138 Qui
2456 4074 2583 4126 libri
2606 4073 2857 4126 debeant
2882 4073 3155 4126 custodiri
3192 4089 3295 4138 per
3329 4074 3543 4127 bonam
3570 4082 3627 4126 et
3664 4073 3916 4125 idoneam

2306 4151 2607 4203 honestam
2644 4166 2951 4216 personam
2988 4150 3313 4216 eligendam
3350 4150 3425 4202 ad
3461 4150 3757 4203 arbitrium
3792 4165 3920 4201 con-

1356 4256 1441 4306 50‚
2256 4241 2261 4254 ·
2308 4227 2416 4281 silii
2466 4228 2786 4292 generalis,
2834 4243 2985 4295 quae
3038 4243 3279 4293 persona
3330 4234 3595 4280 teneatur
3626 4235 3686 4280 et
3727 4226 3921 4278 debeat

2258 4313 2263 4356 i
2309 4304 2495 4357 facere
2528 4304 2755 4369 copiam
2778 4304 2852 4357 de
2890 4304 3193 4370 praedictis
3229 4305 3369 4357 actis
3404 4312 3463 4356 et
3498 4304 3786 4370 scripturis
3820 4301 3919 4355 cui·

583 4368 752 4437 Quod
789 4388 898 4424 non
942 4370 1274 4423 destruatur
1309 4368 1466 4421 nulla
1501 4366 1701 4421 domus
1734 4366 1835 4420 sed
1867 4368 2207 4421 incantetur.
2259 4397 2263 4406 ·
2310 4396 2561 4447 cumque
2598 4380 2831 4448 petenti,
2876 4382 2947 4433 Et
2983 4381 3143 4447 quod
3177 4381 3472 4448 praedicta
3506 4381 3701 4434 omnia
3736 4388 3791 4433 et
3820 4379 3913 4430 sin-

2311 4459 2446 4525 gula
2482 4457 2703 4512 domini
2752 4467 3005 4525 potestas
3040 4466 3100 4511 et
3135 4457 3258 4511 eius
3296 4458 3515 4511 iudices
3548 4466 3843 4511 teneantur
3873 4464 3921 4506 et

654 4507 800 4560 Item
836 4522 967 4560 cum
1006 4514 1204 4559 cumas
1249 4504 1570 4559 cremonae
1615 4504 1969 4592 defqrmetpr
2014 4514 2095 4593 Ῡῒ.
2117 4503 2215 4556 de*
2314 4534 2565 4589 debeant
2599 4535 2924 4589 executioni
2962 4534 3239 4589 mandare
3261 4534 3493 4589 vinculo
3516 4533 3862 4589 sacramenti.

583 4592 840 4637 vastetur
874 4591 1107 4650 propter
1142 4581 1370 4645 dom05‚
1410 4598 1562 4648 quae
1598 4590 1869 4634 continue
1909 4598 1963 4634 in
1989 4588 2217 4634 civitate

584 4670 642 4715 et
677 4660 967 4714 suburbiis
992 4660 1313 4712 Cremonae
1337 4658 1706 4713 devastantur
1744 4667 1800 4711 et
1823 4658 2215 4720 destruuntur,
2264 4651 2268 4709 ἶ

587 4738 662 4791 de
699 4738 912 4804 quibus
948 4736 1103 4789 nulla
1127 4736 1338 4789 utilitas
1373 4736 1633 4801 pervenit
1659 4736 1716 4788 in
1743 4751 2055 4788 commune
2086 4735 2219 4788 Cre·
2265 4735 2269 4748 '
3096 4720 3180 4771 54·

590 4829 818 4877 monae,
859 4811 1019 4880 quod
1053 4813 1127 4865 ab
1165 4813 1338 4866 hodie
1376 4811 1432 4864 3¹¹
1469 4820 1638 4865 antea
1675 4811 1852 4864 ¹²¹0dO
1889 4810 2084 4878 aliquo
2117 4827 2219 4865 seu
2396 4825 2651 4879 Rubrica
2675 4825 2743 4877 de
2778 4824 3129 4877 restitutione
3152 4824 3525 4891 possesstbmlr
3558 4826 3858 4891 occupatae.

591 4908 764 4945 causa
799 4889 992 4959 aliqua
1026 4889 1238 4942 domus
1282 4889 1337 4941 in
1386 4888 1612 4941 civitate
1658 4898 1716 4941 et
1761 4888 2051 4942 suburbiis
2088 4888 2223 4941 Cre-

595 4983 801 5021 monae
857 4982 971 5019 non
1025 4966 1207 5032 possit
1243 4964 1458 5018 destrui
1495 4980 1602 5017 nec
1655 4964 1940 5019 devastari
1990 4975 2225 5032 propter
2270 4961 2275 5060 Ι
2391 4955 2535 5007 Item
2574 4952 2783 5005 eodem
2822 4951 3128 5005 millesimo
3166 4951 3497 5015 indictione,
3537 4960 3595 5005 et
3618 4966 3809 5005 mense
3830 4958 3927 5002 Sta·

591 5044 846 5111 aliquam
883 5058 1138 5105 causam,
1178 5042 1282 5095 sed
1294 5079 1445 5095 .....
2271 5089 2277 5105 ,
2322 5039 2509 5083 tutum
2547 5038 2653 5091 est,
2681 5029 2843 5095 quod
2866 5044 2999 5081 cum
3026 5046 3059 5081 a
3083 5036 3349 5095 tempore
3374 5044 3493 5095 quo
3528 5044 3659 5096 pars
3694 5025 3927 5093 Capella-

2272 5117 2277 5204 ι
2324 5116 2513 5160 torum
2530 5106 2854 5159 Cremonae
2877 5122 3061 5172 nuper
3079 5105 3307 5159 intravit
3326 5105 3613 5159 civitatem
3629 5106 3925 5159 Cremonae

1371 5228 1457 5279 51·
2273 5207 2279 5262 g
2325 5192 2381 5237 et
2416 5184 2489 5236 ab
2526 5183 2660 5236 inde
2687 5192 2858 5246 retr0,
2889 5185 3103 5237 multae
3122 5183 3431 5237 violentiae
3464 5182 3858 5249 occupationes
3877 5186 3927 5229 et

2274 5267 2281 5352 1
2328 5260 2650 5312 invasiones
2699 5260 2880 5315 sactae
2928 5258 3140 5313 fuerint
3174 5276 3279 5325 per
3314 5276 3555 5327 magnos
3596 5266 3654 5313 et
3687 5262 3925 5325 potentes

608 5386 758 5401 .....
769 5346 1100 5399 absentatos
1135 5358 1168 5395 a
1203 5342 1358 5397 dicto
1395 5351 1657 5407 tempore
1694 5341 1834 5394 citra
1879 5340 1935 5393 in
1973 5339 2229 5407 aliquem
2276 5393 2281 5416 Ι
2328 5336 2591 5390 homines
2628 5346 2685 5389 et
2720 5336 2894 5389 etiam
2932 5353 3034 5403 per
3071 5336 3283 5391 multos
3320 5336 3481 5397 alios,
3521 5334 3677 5403 quod
3712 5331 3927 5401 quidem

602 5426 676 5480 de
735 5432 894 5491 parte
951 5418 1378 5487 Capellatorum
1437 5434 1553 5471 non
1607 5416 1860 5481 valeant,
1919 5424 2230 5483 postquam
2277 5474 2283 5488 ,
2329 5420 2416 5466 est
2450 5422 2649 5466 contra
2686 5412 2965 5466 honorem
2990 5420 3049 5466 et
3074 5413 3293 5467 bonum
3322 5420 3537 5467 statum
3560 5410 3791 5466 civitatis
3812 5408 3927 5461 Cre-

601 5504 751 5557 inter
796 5498 1201 5554 contrahentes
1247 5504 1306 5549 et
1350 5511 1554 5549 eorum
1607 5493 1903 5547 haeredes,
1955 5495 2025 5547 Et
2070 5492 2230 5559 quod
2276 5491 2283 5549 ζ
2332 5506 2541 5543 monae
2564 5498 2622 5543 et
2657 5490 2833 5557 partis
2868 5490 3108 5543 ecclesie
3132 5488 3207 5542 de
3232 5489 3541 5552 Cremona,
3568 5488 3725 5555 quod
3747 5496 3925 5539 omnes
