4050 6109
500 301 578 372 98
1501 304 1768 353 CODICE
1814 301 2328 352 DIPLOMATICO
2374 301 2831 350 CREMONESE

869 431 1199 447 μ--Ζ--ᾑ-
1214 437 1721 446 .—.—-—..--—-.———.-——-—
1740 435 1967 442 ——-..—-—.

497 552 646 614 sine
677 551 1085 614 istructione
1117 551 1321 613 unius
1351 549 1688 631 sapientis
1717 549 2118 630 procedere,

497 656 754 708 statuat
818 645 1171 708 Salvatico
1237 654 1307 707 et
1373 643 1738 706 Communi
1805 642 1989 704 diem
2050 643 2120 703 in

497 739 652 802 loco
698 748 869 810 tut0,
917 739 1243 802 videlicet
1286 737 1472 818 apud
1517 736 2014 799 Roncarolum.

498 960 593 1022 57.
638 977 722 988 —
775 961 952 1018 1230,
1005 937 1148 1014 iul„
1193 940 1326 1012 III,
1373 939 1435 1002 d.
1483 938 1888 1002 Placentiae.

581 1079 1007 1160 EpiscopuS,
1077 1079 1208 1140 sub
1273 1097 1500 1158 poena
1563 1077 2125 1140 excommunica-

497 1174 728 1247 tioniS,
775 1193 1014 1235 rursus
1059 1171 1401 1253 praecipit
1443 1172 1846 1252 praeposito
1891 1171 1960 1233 S.
1993 1170 2125 1233 Mi-

500 1267 760 1328 chaelis
797 1265 1124 1347 quatinus
1159 1266 1398 1328 audiat
1430 1276 1645 1327 testes
1683 1273 1753 1326 et
1789 1264 2126 1344 procedat

500 1360 570 1421 in
617 1381 824 1422 causa
868 1359 1224 1433 Salvatici,
1274 1359 1438 1421 citet
1497 1358 1878 1422 Commune
1936 1357 2126 1438 apud

500 1455 928 1516 Placentiam
981 1473 1214 1516 coram
1275 1473 1369 1526 se,
1417 1463 1485 1515 et
1533 1453 1906 1534 compellat
1963 1472 2126 1513 con-

500 1547 730 1610 silium
777 1558 846 1610 et
890 1557 1306 1628 potestatem
1361 1557 1438 1610 ut
1483 1556 1757 1609 cessent
1801 1547 1890 1608 ab
1936 1545 2128 1608 inde-

501 1642 667 1704 bitis
726 1641 1324 1704 molestationibus
1379 1650 1624 1704 contra
1679 1640 2126 1704 Salvaticum.

502 1850 597 1924 58.
645 1883 725 1890 —-
779 1865 955 1922 1230,
1003 1843 1122 1906 inl.
1164 1864 1217 1923 7,
1250 1845 1386 1916 III,
1436 1842 1508 1906 in
1555 1842 1690 1906 loco
1737 1841 2127 1906 Roncaroli.

587 1979 1118 2060 A‚Sa1vaticus
1184 1978 1483 2061 porrigit
1549 1980 1818 2042 litteras
1888 1999 2125 2060 supra-

505 2074 723 2136 dictas
767 2073 1168 2154 praeposito
1215 2075 1284 2136 S.
1331 2073 1716 2137 Michaelis,

505 2297 600 2359 59.
647 2315 728 2324 —
791 2299 967 2355 1230,
1033 2281 1198 2360 sept.
1267 2301 1324 2357 4,
1389 2277 1527 2349 III,
1597 2276 2004 2350 Placenliae,
2054 2276 2131 2340 in.

585 2371 841 2457 palatio
895 2369 1198 2456 episcopi.

591 2511 916 2574 Sindicus
962 2511 1341 2574 Cremonae
1372 2508 1743 2572 confitetur
1773 2509 1961 2590 quod
1993 2507 2131 2590 epi-

509 2625 763 2686 scopus
814 2602 1166 2666 laudensis
1233 2602 1499 2666 remisit
1563 2623 1785 2684 papae
1850 2622 2129 2664 causam

509 2701 690 2762 inter
738 2699 1149 2762 Cremonam
1196 2707 1264 2759 et
1309 2699 1630 2760 abbatem
1680 2698 1748 2760 S.
1797 2696 2000 2759 Sixti.

514 2911 608 2968 60.
655 2942 735 2950 -
792 2925 857 2966 12
869 2925 966 2982 30,
1058 2902 1145 2965 id.
1235 2901 1322 2964 id.

594 3040 990 3121 Episcopus
1047 3039 1481 3111 Placentiae,
1541 3039 1742 3100 cuius
1798 3038 2132 3101 iudicium

513 3133 821 3196 sindicus
892 3133 1270 3195 Cremonae
1335 3143 1412 3194 ut
1473 3141 1874 3212 suspectum
1939 3153 2133 3194 recu-

511 3230 726 3298 sabat,
775 3227 1064 3289 remittit
1131 3227 1642 3308 delegationem
1700 3247 1967 3299 causae,
2038 3248 2135 3289 se-

513 3323 812 3384 cundum
837 3323 1026 3401 quod
1052 3322 1331 3401 scripsit
1354 3321 1755 3401 praeposito
1789 3321 1858 3382 S.
1895 3321 2131 3402 Egidii

511 3427 580 3476 et
637 3415 922 3495 Hugoni
971 3415 1056 3476 de
1100 3413 1487 3476 Comitibus
1563 3414 2133 3476 cremonensibus

513 3511 695 3589 (aug.
755 3509 902 3586 20),
953 3507 1219 3570 50111001
1283 3509 1577 3570 idoneae
1633 3527 1974 3588 personae
2021 3509 2136 3569 vel

512 3598 844 3682 pontifici.

513 3811 598 3869 61.
645 3843 724 3852 --
780 3826 956 3884 1230,
1045 3806 1133 3870 id.
1222 3807 1309 3870 id.

595 3941 1008 4022 Episcopus,
1043 3963 1135 4006 ex
1165 3943 1504 4024 petitione
1547 3944 1793 4006 sindici
1825 3945 1894 4006 S.
1930 3943 2134 4017 sixti,

513 4035 802 4098 remittit
846 4057 1124 4098 causam
1167 4037 1501 4118 pontifici.

515 4249 607 4305 62.
659 4281 734 4288 —
791 4265 856 4305 12
870 4265 966 4322 30,
1057 4244 1144 4308 id.
1236 4245 1324 4308 id.

601 4379 926 4442 Sindicus
983 4381 1365 4444 Cremonae
1431 4383 1618 4445 illico
1685 4383 1992 4464 appellat
2052 4388 2139 4448 ad

516 4473 938 4554 pontificem.

517 4686 612 4758 63.
662 4719 741 4726 -
798 4703 864 4742 12
877 4702 975 4756 30,
1066 4680 1153 4742 id.
1243 4680 1332 4742 id.

601 4817 995 4897 Episcopus
1050 4816 1375 4900 praefigit
1442 4819 1810 4882 terminum
1873 4821 2139 4883 sindico

518 4910 898 4973 Cremonae
966 4913 1054 4972 ad
1119 4913 1676 4994 prosequendam
1738 4915 2139 4995 appellatio·

520 5024 676 5066 nem
726 5024 958 5065 coram
1004 5024 1207 5085 papa.

519 5227 614 5302 64.
661 5261 738 5270 --
799 5245 975 5300 1230,
1066 5223 1153 5287 id.
1243 5224 1331 5287 ia'.

604 5360 952 5432 Sindicus,
998 5360 1304 5424 sentiens
1351 5383 1424 5423 50
1471 5372 1838 5444 gravatum
1885 5385 2039 5427 esse
2071 5365 2140 5426 in

519 5456 652 5518 hoc
698 5454 1015 5526 terminO,
1063 5456 1370 5537 appellat
1411 5458 1499 5518 ad
1543 5477 1818 5538 papam.

2216 551 2312 626 65.
2358 583 2441 594 —-
2497 567 2673 625 1230,
2719 551 2882 630 sept.
2946 567 3043 626 23,
3104 546 3165 610 d.
3212 547 3603 631 Anagniae,
3646 570 3708 612 a.
3752 551 3831 628 4⁰.

2303 639 2443 723 Ap.

2305 759 2691 842 Gregorius
2716 759 2829 822 IX
2852 761 3132 824 mandat
3155 761 3392 824 abbati
3418 772 3487 824 et
3508 763 3835 845 magistro

2221 853 2580 934 Stephano
2625 853 2841 934 priori
2908 855 2995 916 de
3064 853 3390 918 Castiono
3456 857 3837 937 parmensis

2222 946 2563 1010 dioecesis
2608 959 2678 1010 et
2706 949 3109 1028 praeposito
3138 949 3491 1030 parmensi
3516 951 3837 1031 quatinus

2221 1048 2643 1103 conventum
2691 1041 2760 1103 S.
2808 1041 2992 1103 Sixti
3038 1051 3107 1104 et
3160 1061 3525 1105 commune
3568 1041 3837 1105 Cremo-

2221 1155 2351 1197 nae
2396 1134 2731 1198 inducant
2774 1135 2863 1197 ad
2903 1135 3480 1217 compositionem
3522 1137 3839 1200 amicabi-

2221 1228 2377 1304 lem,
2424 1228 2483 1291 si
2526 1229 2851 1310 poterint,
2900 1228 3012 1292 vel
3056 1231 3439 1311 procedant
3484 1231 3553 1292 in
3614 1251 3840 1294 causa.

2220 1405 2315 1463 66.
2364 1437 2445 1447 —-
2496 1421 2675 1479 1230,
2721 1405 2886 1485 sept.
2959 1422 3056 1479 27,
3126 1402 3178 1464 I
3190 1402 3262 1473 V,
3309 1400 3718 1474 Placentiae,
3772 1401 3842 1464 in

2306 1493 2713 1558 monasterio
2758 1495 2827 1558 S.
2876 1494 3080 1558 Sz'xtz'.

2306 1631 2555 1695 Abbas
2602 1642 2673 1694 et
2736 1631 2985 1695 fratres
3052 1632 3483 1697 constituunt
3546 1634 3844 1698 Leonar-

2224 1726 2388 1787 dum
2432 1726 2969 1789 Vicedominum
2998 1746 3386 1800 monacum,
3432 1727 3847 1790 Anselmum

2224 1819 2650 1882 Salvaticum
2713 1829 2783 1883 et
2850 1819 3246 1884 Guidonem
3321 1821 3407 1884 de
3475 1821 3847 1884 Bellavilla

2224 1915 2571 1988 clericum,
2596 1915 2905 1978 sindicos
2928 1917 3117 1996 apud
3133 1914 3413 1978 Curiam
3428 1916 3846 1979 Romanam.

2222 2089 2317 2163 67.
2364 2121 2447 2130 ——
2500 2104 2677 2162 1230,
2724 2089 2845 2148 oct.
2902 2107 2995 2165 17,
3042 2087 3177 2158 IV,
3234 2086 3620 2150 Cremonae.

2308 2221 2689 2285 Anselmus
2754 2221 3151 2287 Salvaticus
3216 2223 3517 2307 porrigit
3584 2224 3851 2286 litteras

2224 2314 2497 2378 abbatis
2545 2317 2631 2378 de
2685 2316 3079 2380 Castelione
3144 2327 3215 2380 et
3271 2317 3659 2398 praepositi
3705 2338 3855 2398 par-

2224 2411 2481 2472 mensis
2546 2410 2950 2491 praeposito
3016 2411 3087 2473 S.
3132 2411 3372 2493 Egidii
3438 2421 3509 2474 et
3560 2412 3850 2493 Hugoni

2224 2504 2310 2565 de
2354 2503 2739 2566 Comitibus
2776 2504 3115 2568 canonico
3146 2505 3547 2580 Cremonae,
3596 2506 3852 2586 quibus

2225 2597 2325 2659 eis
2368 2597 2805 2680 praecipiunt
2872 2598 3199 2679 quatinus
3266 2608 3572 2662 statuant
3623 2599 3853 2661 termi-

2226 2712 2390 2753 num
2436 2693 2785 2754 communi
2854 2693 3045 2774 quod
3106 2694 3296 2774 apud
3356 2692 3851 2755 Castellionem

2227 2805 2301 2846 se
2346 2794 2840 2866 repraesentet.

2226 2965 2320 3023 68.
2370 2997 2450 3008 —-
2504 2981 2679 3039 1230,
2716 2966 2834 3024 oct.
2873 2982 2969 3034 21,
3007 2962 3138 3035 IV,
3182 2961 3566 3034 Cremonae,
3602 2961 3679 3024 in
3721 2983 3855 3024 meo

2301 3054 2564 3137 poutc'le
2608 3054 2915 3119 ecclesiae
2960 3053 3257 3118 maioris.

2312 3174 2707 3256 Episcopus
2752 3175 3149 3238 Placentiae
3182 3175 3523 3256 praecipit
3568 3176 3856 3248 cantori,

2229 3269 2631 3350 praeposito
2677 3271 2746 3332 S.
2792 3269 3032 3352 Egidii
3068 3281 3138 3332 et
3169 3269 3458 3351 Hugoni
3505 3270 3591 3331 de
3640 3270 3861 3333 Comi-

2228 3361 2436 3437 tibus,
2484 3384 2609 3444 per
2653 3363 2921 3426 litteras
2991 3383 3165 3445 quas
3214 3363 3567 3444 accipiunt
3611 3365 3706 3426 ab
3768 3363 3858 3426 A.

2230 3455 2601 3528 Salvati00‚
2650 3456 2977 3538 quatinus
3019 3457 3089 3518 in
3124 3457 3421 3538 singulis
3452 3457 3709 3521 diebus
3744 3460 3859 3519 do-

2230 3548 2500 3611 minicis
2546 3549 2803 3612 faciant
2868 3549 3211 3630 publicari
3258 3551 3679 3613 sententiam
3740 3572 3857 3614 ex—

2230 3643 2879 3706 communicationis
2944 3643 3017 3704 in
3082 3654 3503 3724 potestatem
3565 3655 3637 3707 et
3706 3666 3861 3707 con-

2233 3735 2549 3798 siliarios
2596 3736 2755 3820 (Cfr.
2812 3757 2990 3815 1230,
3040 3735 3177 3800 iun.
3230 3739 3351 3818 27).

2231 3912 2324 3985 69.
2372 3945 2451 3953 —
2510 3929 2685 3985 1230,
2733 3927 2884 3970 nov.
2935 3929 3032 3982 20,
3080 3909 3131 3970 I
3144 3909 3215 3980 V,
3280 3907 3351 3970 in
3386 3907 3651 3992 palatio
3712 3910 3859 3974 Cre-

2318 4021 2573 4064 monae.

2318 4125 2408 4185 A.
2456 4125 2850 4187 Salvaticus
2896 4124 3207 4206 postulat
3245 4147 3285 4187 a
3313 4134 3686 4205 potestate,
3736 4146 3860 4206 pro

2232 4218 2559 4281 tribunali
2608 4219 2912 4287 sedente,
2960 4219 3149 4301 quod
3215 4217 3423 4282 faciat
3468 4219 3601 4281 sibi
3650 4220 3857 4282 ratio-

2234 4332 2421 4388 nem;
2470 4313 2588 4394 qui
2646 4314 3025 4393 respondet
3071 4315 3259 4394 quod
3306 4311 3601 4395 eligeret
3648 4313 3853 4376 sindi-

2236 4424 2393 4468 cum
2439 4408 2528 4468 ad
2570 4407 2724 4469 hoc.

2303 4558 2343 4619 †
2382 4557 2445 4608 In
2486 4555 2696 4608 Christi
2734 4555 2988 4607 nomine.
3030 4554 3337 4607 Millesimo
3374 4555 3469 4607 CC
3492 4557 3679 4619 XXX,
3722 4557 3861 4608 indi-

2184 4615 2191 4684 Ι
2234 4632 2423 4684 ctione
2460 4641 2681 4698 quarta,
2722 4632 2815 4684 die
2853 4631 3115 4683 mercurii
3154 4632 3464 4684 undecimo
3489 4641 3740 4686 exeunte
3765 4649 3861 4685 no-

2233 4709 2473 4761 vembri.
2516 4710 2579 4760 In
2618 4708 2905 4774 presentia
2959 4708 3191 4772 Rogerii
3246 4708 3508 4771 Mariani,
3554 4718 3613 4762 et
3670 4710 3859 4762 Iacobi

2237 4785 2510 4837 Iohannis
2544 4785 2619 4837 de
2646 4784 2915 4838 Conrado
2940 4793 2999 4837 et
3026 4783 3302 4838 Iacomini
3328 4785 3616 4848 Salvatici,
3645 4795 3703 4839 et
3727 4787 3861 4839 alio·

2234 4878 2360 4913 rum
2399 4862 2731 4924 multorum,
2768 4862 2997 4927 publice
3034 4862 3091 4913 in
3128 4861 3341 4927 palatio
3377 4863 3704 4915 communis
3730 4864 3861 4914 Cre-

2236 4953 2427 5000 mone,
2459 4937 2773 4990 Anselmus
2796 4937 3113 4991 Salvaticus
3132 4936 3278 4990 dixit
3301 4937 3541 4990 domino
3570 4939 3860 4991 Bernardo

2238 5013 2485 5066 Rolandi
2524 5015 2728 5076 Rubei,
2784 5023 2919 5067 tunc
2972 5013 3336 5068 cremonensi
3382 5016 3649 5080 potestati
3686 5025 3861 5082 atque

2234 5090 2458 5143 sedenti
2494 5107 2599 5156 pro
2635 5091 2903 5144 tribunali
2928 5107 3089 5144 more
3114 5101 3173 5144 et
3196 5093 3326 5144 loco
3350 5101 3527 5158 atque
3565 5093 3707 5144 hora
3730 5108 3862 5145 con—

2235 5167 2437 5219 suetis:
2480 5168 2750 5231 Domine,
2788 5185 2859 5220 ex
2896 5185 3015 5234 quo
3052 5168 3265 5234 placuit
3299 5169 3465 5221 vobis
3500 5177 3559 5221 et
3580 5168 3689 5221 illis
3724 5185 3861 5236 qua-

2233 5244 2495 5310 draginta
2530 5245 2727 5310 probis
2778 5245 2932 5307 viriS,
2986 5261 3136 5311 quos
3188 5245 3440 5311 elegistis
3492 5246 3567 5298 de
3618 5245 3857 5298 consilio

2234 5321 2496 5374 comunis
2534 5323 2819 5375 Cremone
2871 5322 2946 5374 ad
2998 5322 3361 5375 tractandum
3410 5339 3584 5388 super
3624 5322 3857 5388 negotio

2235 5398 2394 5464 quod
2429 5399 2618 5451 habeo
2653 5407 2853 5452 contra
2887 5415 3197 5452 commune
3234 5400 3541 5460 Cremone,
3581 5399 3750 5451 michi
3776 5415 3860 5450 re-

2234 5475 2540 5540 spondere,
2578 5475 2738 5542 quod
2772 5477 2954 5541 parati
2978 5475 3115 5528 estis
3150 5474 3321 5529 michi
3357 5475 3545 5528 facere
3580 5475 3856 5529 rationem
