4050 6109
1069 316 1566 370 PROVVISIONI
1611 319 1865 370 DELLA
1911 319 2267 368 GABELLA
2315 317 2597 366 MAGNA
3392 319 3507 380 135

2725 441 2838 448 ——-—-

159 441 201 446 —-
250 451 555 458 -—.——-
708 452 1593 460 Ἣ,
1660 453 1823 458 *ψ
1894 453 2011 457 —-
2077 453 2092 456 -
2201 441 2676 457 -W-
2779 453 2806 458 -
3039 441 3513 458 --“τ-Ξ-τ-.-.-Ε

147 577 472 657 castrorum·
503 579 562 624 et
597 569 819 624 turium
854 579 914 626 et
937 585 1112 638 super
1135 587 1336 625 eorum
1363 572 1590 632 salari0,
1629 571 1789 638 quod
1891 569 2145 632 ducere
2189 568 2257 629 in
2302 567 2656 630 civitatem
2720 575 2788 628 et
2833 566 3203 628 extrahere
3260 583 3515 627 merca-

151 655 277 698 tunc
313 656 547 712 possmt
581 663 804 714 ponere
837 648 914 702 ad
949 648 1284 702 conscilium
1327 649 1664 717 campanele
1698 648 1789 702 vel
1891 661 2179 724 dandias
2222 681 2380 724 cum
2427 661 2597 723 rotis
2640 659 2877 723 feratis
2922 659 3263 722 solvendo
3320 662 3357 720 ξ)
3403 660 3517 720 de-

148 724 494 854 331ςὲξῖΞὲ
497 723 1508 868 ’ἱῖὶᾭῖὲίἓέὲξὶηἳὲεὲἓὶῗέἕ
1510 743 1527 778 ¹
1543 726 1790 856 e‘tffoettg'ffc'
1889 755 2120 818 narios
2166 756 2253 819 de
2297 755 2612 836 quolibet
2654 755 2965 835 plaustro
3031 771 3160 833 pro
3207 752 3520 834 qualibet

150 875 302 942 quod
357 876 648 942 placuerit
700 878 1061 944 sapientibus
1114 879 1252 932 dicti
1303 879 1524 932 consilii
1580 878 1677 932 fiat
1733 887 1792 932 et
1895 849 2067 912 Vice-

148 955 488 1008 observetur
525 971 704 1020 super
745 955 1016 1022 predictis
1055 955 1110 1009 in
1155 965 1361 1010 totum.
1403 957 1476 1009 Et
1513 958 1619 1010 hec
1663 972 1792 1022 pro-

151 1029 286 1117 visio
321 1031 402 1084 sit
425 1033 676 1086 troncha
701 1041 760 1086 et
783 1031 1008 1098 precisa
1043 1042 1102 1086 et
1125 1031 1492 1098 derogatoria
1527 1032 1651 1086 aliis
1681 1041 1792 1087 sta-
1891 1057 1986 1118 54,
2046 1079 2068 1083 -
2170 1045 2347 1117 1298,
2394 1037 2537 1100 iun,
2590 1041 2687 1109 26,
2738 1037 2819 1098 Χ
2810 1035 2869 1109 J,
2915 1034 2959 1098 l.
3013 1035 3379 1098 Cremonae
3444 1031 3517 1095 in

149 1117 275 1160 tuus
311 1108 755 1174 provisionibus
790 1117 849 1162 et
885 1109 1386 1166 reformationibus
1421 1109 1790 1164 consiliorum
1977 1153 2153 1194 cons·
2192 1131 2343 1214 gab·
2396 1131 2465 1206 C,
2518 1151 2616 1209 33·

148 1185 412 1238 comunis
435 1194 497 1238 et
521 1186 724 1252 populi
750 1187 1041 1240 Cremone
1075 1185 1134 1240 in
1169 1187 1519 1240 contrarium
1555 1188 1793 1254 loquen-

149 1261 316 1350 tibus,
354 1271 422 1349 et
456 1279 532 1352 ex
567 1278 726 1352 nunc
761 1263 970 1352 valeat.
1137 1341 1170 1352 ..
1546 1342 1556 1352 ·
1977 1269 2298 1332 Provisio
2344 1269 2660 1352 gabellae
2705 1269 2895 1350 quod
2932 1266 3256 1330 introitus
3286 1263 3519 1328 curiae

211 1341 320 1392 Die
358 1355 514 1394 iovis
549 1339 948 1394 tertiodecimo
985 1351 1171 1394 martu
1219 1341 1364 1394 lecta
1401 1341 1690 1408 publicata
1737 1351 1794 1396 et
1893 1363 2223 1428 Luzariae
2281 1364 2530 1426 iterum
2594 1363 2844 1426 dentur
2910 1361 2980 1423 in
3044 1358 3349 1422 affictum
3394 1377 3521 1439 per

149 1417 426 1482 aprobata
461 1415 574 1470 suit
601 1415 862 1482 predicta
886 1417 1140 1483 provisio
1176 1417 1234 1470 in
1268 1419 1544 1472 conscilio
1568 1418 1792 1484 gabelle
1995 1458 2008 1470 .
2662 1455 2675 1468 .
2902 1455 2913 1466 .
3094 1453 3106 1466 .
3472 1449 3485 1462 .

147 1509 314 1558 super
351 1493 541 1546 domo
585 1491 739 1548 dicte
775 1494 1025 1560 gabelle,
1065 1494 1122 1547 in
1175 1494 1449 1548 conscilio
1503 1504 1663 1549 erant
1715 1495 1792 1548 vi·
1895 1477 2204 1540 qumque
2248 1477 2469 1562 afmos
2513 1456 2791 1528 EanCO,
2845 1453 3113 1518 S¹m⁰m
3176 1460 3245 1514 et
3289 1453 3519 1514 Perm-

146 1570 279 1636 ginti
315 1579 554 1637 septem
591 1570 1000 1638 gabellatoreS,
1037 1571 1146 1626 sub
1183 1571 1489 1626 millesimo
1523 1573 1795 1626 ducente·
1895 1552 2080 1615 vallo
2122 1550 2451 1613 fratrlbus
2483 1550 2571 1610 de
2616 1545 2973 1620 BfassCl'fiS·
3011 1566 3150 1610 non
3196 1547 3519 1609 Obstante

147 1647 286 1700 simo
323 1647 722 1714 nonagesimo
759 1649 1030 1715 septime,
1070 1649 1384 1704 indictione
1421 1650 1745 1704 undecima.
1894 1645 2297 1727 provisione
2347 1663 2415 1721 31
2456 1662 2665 1705 marc.
2698 1642 2913 1720 (1298)
2957 1660 3083 1721 per
3127 1657 3337 1722 quam
3377 1637 3519 1700 dati

207 1725 451 1778 Testes:
497 1725 570 1778 D.
615 1725 948 1779 Iacominus
983 1725 1057 1779 de
1083 1725 1291 1793 Gadyo
1329 1757 1392 1764 —
1431 1727 1684 1780 lulianus
1720 1726 1794 1780 de
1896 1750 2058 1802 sunt
2102 1739 2173 1801 in
2236 1736 2473 1799 fictum
2526 1734 2875 1798 communi
2940 1733 3290 1806 Lnga-iae,
3352 1731 3518 1814 quia

149 1801 1164 1932 ἓὲἳῗ-ᾟηῗὲἓίῗέυὲἒῖίξὲῖἓ
1211 1833 1279 1841 —
1327 1804 1530 1856 Damel
1565 1803 1642 1856 de
1678 1805 1794 1856 Go-
1894 1831 2247 1895 canevarii
2306 1830 2538 1893 curiae
2584 1836 3079 1892 recusaverant
3136 1825 3517 1890 fideiubere

213 1955 322 2008 Die
359 1955 598 2010 veneris
633 1955 1077 2022 quartodecimo
1114 1955 1302 2009 martii
1324 1955 1470 2010 lecta
1507 1957 1796 2022 publicata
1894 1946 2020 2008 ΡῙὊ
2068 1926 2313 1988 eodem
2359 1924 2730 1987 communi·

149 2043 200 2086 et
233 2041 520 2098 api-ovata
555 2031 666 2087 suit
699 2031 959 2098 predicta
1004 2030 1254 2098 provisio
1299 2033 1354 2086 in
1392 2032 1666 2086 conscilio
1697 2050 1796 2099 ge-

149 2109 316 2164 nerali
351 2109 630 2166 comunis
655 2109 966 2172 Cremone,
1005 2109 1062 2162 in
1099 2109 1388 2173 presentia
1422 2109 1794 2164 dominorum
1893 2143 1988 2204 55·
2036 2159 2117 2168 .-
2174 2127 2327 2200 1298
2396 2139 2552 2202 aug,
2602 2139 2633 2180 2
2706 2119 2829 2180 Χ]
2884 2117 2927 2179 l,
2974 2116 3047 2178 in
3093 2113 3321 2178 consil,
3359 2133 3520 2196 gen,

153 2187 398 2242 Romani
437 2187 516 2242 de
541 2187 842 2255 Alghisiis,
881 2185 1152 2240 eoradini
1177 2185 1250 2239 de
1279 2185 1794 2248 Prezanis,1unani
2161 2215 2217 2278 l·
2262 2167 2349 2278 (η’
2502 2235 2547 2275 n
2552 2166 2657 2275 π’
2707 2213 2763 2276 C
2819 2171 2832 2194 ’

147 2263 216 2318 de
249 2263 662 2327 Stradaverta,
704 2262 910 2317 Iuliani
959 2263 1034 2316 de
1086 2261 1336 2320 Tinctis,
1381 2263 1666 2316 Frederici
1717 2265 1790 2317 de
1968 2223 2155 2302 popu
2188 2237 2210 2278 ι
2296 2235 2498 2277 'remo
2635 2259 2648 2274 ‘
2759 2261 2773 2286 ’
2824 2233 2922 2289 34'

149 2341 468 2429 5ilos-‚cardis
503 2341 766 2429 testium,
801 2341 912 2393 sub
953 2341 1110 2392 MCC
1137 2339 1512 2406 nonagesimo
1545 2340 1792 2406 septimo
1977 2351 2299 2414 provisio
2346 2350 2663 2432 gabellae
2725 2349 2916 2430 quod
2960 2347 3249 2428 lapides,
3312 2342 3521 2425 coppi

148 2417 458 2470 mmmmm
497 2417 830 2472 undemma.
1893 2458 1960 2510 et
2048 2445 2429 2528 lignamina
2516 2445 2881 2506 domorum
2977 2442 3519 2504 bandezatorurn

1891 2539 2278 2604 communis
2338 2548 2406 2599 et
2472 2536 2766 2598 aliorum
2833 2555 3012 2617 quae
3078 2532 3343 2601 destrui
3410 2531 3519 2594 de·

1893 2636 2120 2705 beant,
2168 2631 2541 2696 deveniant
2604 2629 2673 2692 in
2731 2629 3075 2711 gabellam
3132 2640 3201 2690 et
3260 2645 3517 2688 massa·

1840 2778 1845 2789 .
1893 2728 2071 2790 rium
2118 2726 2353 2806 pontis
2397 2725 2571 2787 Padi
2630 2745 2758 2804 pro
2812 2721 3317 2786 restauratione
3378 2739 3521 2783 mu-

1894 2842 2127 2884 rorum
2173 2831 2530 2901 portarum
2577 2828 2646 2880 et
2690 2818 3077 2880 circharum
3117 2814 3421 2877 civitatis
3454 2823 3523 2874 et

1893 2916 2249 2997 aptatione
2296 2923 2689 2977 stratarum.

151 2607 228 2667 51.
277 2625 364 2633 —
423 2593 608 2667 1298,
658 2609 864 2650 marc.
915 2609 1013 2664 31,
1049 2588 1177 2660 XI,
1219 2554 1610 2658 Cremonas,
1627 2587 1670 2650 l.
1717 2587 1790 2650 in

229 2703 412 2744 (om.
453 2679 783 2766 gabellae.
821 2682 886 2752 C,
930 2701 1027 2758 30.

228 2817 560 2883 Provisio
605 2819 924 2901 gabellae
970 2820 1162 2900 quod
1203 2818 1403 2881 firma
1448 2820 1537 2882 sit
1581 2819 1792 2882 refor-

155 2915 366 2977 matio
433 2925 506 2976 et
575 2914 828 2976 modus
887 2912 1214 2994 provisus
1265 2932 1390 2994 per
1444 2913 1794 2994 sapientes

153 3011 410 3073 electos
458 3026 676 3090 super
723 3007 961 3070 stratis
1016 3007 1338 3088 aptandis
1371 3018 1439 3070 et
1486 3007 1792 3070 solandis

157 3101 464 3166 civitatis
513 3111 584 3164 et
629 3101 1019 3184 burgorum
1066 3102 1170 3182 (1).

1893 3129 1987 3204 56.
2035 3159 2119 3170 —
2176 3127 2349 3200 1298,
2396 3125 2563 3205 sept.
2600 3140 2695 3198 29,
2746 3119 2912 3192 XII,
2947 3118 2987 3180 l.
3032 3118 3395 3180 Cremonae
3447 3113 3521 3175 in

157 3309 244 3368 ⁵2·
291 3327 372 3336 —-
433 3293 618 3366 1298,
665 3286 755 3350 id.
803 3285 890 3350 id.
950 3288 1016 3362 C,
1067 3307 1164 3365 3¹·
1841 3182 1848 3323 ἔ
1981 3215 2347 3365 cons-goa&
2406 3219 2472 3288 L,
2525 3235 2622 3294 35.
3055 3347 3066 3359 .

1843 3328 1848 3413 Ι
1983 3355 2304 3415 Prov1s1o
2330 3352 2647 3433 gabellae
2680 3350 2869 3431 quod
2892 3347 3258 3429 clav1ghae
3290 3359 3359 3408 et
3392 3346 3530 3407 clu-

1899 3469 2017 3510 sae
2055 3445 2204 3509 fieri
2244 3447 2545 3508 debeant
2590 3445 2681 3506 ad
2718 3443 3105 3506 ducendam
3138 3451 3205 3502 et
3250 3459 3531 3502 servan-

1899 3543 2057 3604 dam
2088 3561 2339 3623 aquam
2372 3536 2639 3620 navigii
2668 3537 2737 3600 in
2769 3535 2977 3599 fossis
3002 3554 3125 3598 seu
3157 3533 3407 3597 circhis
3439 3531 3529 3596 ci-

1903 3635 2137 3696 vitatis
2182 3653 2269 3696 ne
2314 3632 2503 3694 fraus
2550 3631 2667 3694 fiat
2707 3631 2775 3693 in
2822 3631 3148 3691 damnum
3191 3627 3529 3710 gabellae.

235 3425 568 3490 Provisio
615 3425 936 3508 gabellae
983 3425 1174 3506 quod
1240 3445 1482 3488 ornnes
1548 3437 1794 3498 terrae,

161 3521 375 3594 feuda,
448 3519 774 3583 redditus
842 3527 910 3580 et
975 3519 1298 3584 honores,
1367 3529 1494 3580 etc.
1565 3519 1796 3582 curiae

165 3615 514 3688 Luzariae‚
548 3633 732 3695 quae
777 3610 1016 3675 afitata
1046 3610 1319 3674 fuerant
1365 3612 1663 3674 dominis
1711 3614 1797 3674 de

163 3707 522 3778 Branchis‚
583 3703 980 3770 affictentur
1046 3705 1392 3768 communi
1463 3706 1796 3768 Luzariae

1847 4618 1852 4651 Ι

163 3823 374 3884 usque
445 3802 540 3864 ad
608 3800 922 3882 quinque
987 3818 1228 3870 annOS,
1277 3799 1615 3860 solvendo
1681 3819 1794 3860 an-

163 3895 416 3960 nuatim
467 3899 552 3956 88
599 3893 814 3956 libras
859 3893 1101 3974 imper.
1163 3902 1232 3954 et
1277 3897 1360 3955 60
1413 3891 1626 3954 libras
1671 3912 1798 3972 pro

163 3990 354 4052 bonis
388 4007 580 4070 quae
611 3995 812 4049 erant
857 3986 1082 4050 celata
1111 3997 1181 4048 et
1211 3995 1491 4065 reperta
1521 3983 1797 4048 fuerunt

165 4103 272 4162 per
289 4080 828 4164 inquisitionem
851 4099 1076 4160 nuper
1091 4078 1284 4158 (febr.
1312 4101 1331 4140 1
1351 4085 1488 4158 298,
1507 4079 1590 4141 N.
1619 4099 1636 4140 1
1662 4101 1679 4140 1
1696 4083 1797 4158 52)

165 4175 424 4250 factam,
445 4185 520 4238 et
538 4193 623 4254 40
637 4174 852 4236 libras
867 4192 997 4254 pro
1014 4173 1218 4236 bonis
1233 4174 1797 4236 bandezatorum.

165 4269 322 4332 Item
373 4269 574 4350 quod
629 4265 974 4330 fortalicia
1040 4266 1110 4328 in
1177 4266 1363 4328 dicta
1424 4277 1608 4329 terra
1674 4265 1796 4328 fiat

165 4363 356 4426 citius
381 4382 602 4444 quam
629 4359 782 4424 fieri
813 4360 1072 4441 poterit
1103 4361 1486 4423 secundum
1511 4360 1794 4422 modum

167 4457 524 4518 inventum
571 4473 701 4535 per
747 4454 1098 4536 sapientes
1144 4465 1215 4517 et
1271 4454 1560 4516 consilia
1614 4473 1796 4516 com-

165 4550 381 4612 munis
429 4559 504 4611 et
550 4548 1027 4629 campanellae
1073 4546 1477 4611 Cremonae.
1847 4590 1852 4607 .

1900 3843 1994 3906 57.
2046 3860 2119 3869 —
2181 3843 2337 3902 1299
2383 3827 2573 3902 (1:98
2619 3820 2789 3898 ina),
2828 3819 2964 3881 ian.
3001 3839 3058 3897 9,
3093 3819 3261 3890 XII,
3300 3816 3341 3880 l.
3375 3817 3528 3880 Cre-

1987 3938 2222 3980 monae
2252 3916 2325 3978 in
2347 3935 2533 3991 pons.
2558 3913 2707 3998 gab.
2752 3913 2819 3982 C,
2856 3933 2955 3992 55.

1985 4052 2305 4116 Provisio
2373 4051 2691 4133 gabellae
2746 4049 2936 4130 quod
2991 4051 3178 4114 nulla
3232 4069 3533 4130 persona

1901 4161 2038 4210 tam
2074 4144 2377 4208 civitatis
2410 4164 2619 4226 quam
2652 4141 3009 4204 districtus
3040 4143 3263 4222 possit
3294 4161 3526 4204 emere

1900 4253 1968 4304 et
2014 4251 2251 4303 tenere
2296 4240 2527 4320 pullos
2570 4258 2707 4300 ova
2760 4255 2887 4298 nec
2955 4235 3255 4317 aliquam
3316 4237 3533 4299 selva-

1899 4334 2201 4404 ticinam,
2248 4332 2566 4415 exceptis
2612 4329 2844 4412 porcis
2891 4339 2958 4392 et
3026 4329 3352 4409 capriolis
3400 4331 3527 4392 sel-

1901 4427 2170 4498 vaticiS‚
2218 4448 2427 4488 causa
2474 4424 2918 4488 revendendi.

1901 4637 1996 4712 58.
2045 4669 2129 4680 -
2170 4651 2325 4710 1299
2358 4635 2545 4711 (1298
2580 4628 2749 4708 ina),
2782 4627 2918 4692 ian.
2968 4650 3059 4708 17,
3095 4627 3262 4698 XII,
3294 4625 3336 4688 l.
3375 4625 3530 4689 Cre-

164 4755 246 4816 53.
291 4775 374 4782 —
433 4741 620 4816 1298,
669 4735 845 4798 mad.
903 4756 995 4814 14,
1043 4735 1172 4806 XI,
1222 4733 1264 4797 l.
1311 4735 1678 4798 Cremonae
1723 4731 1796 4795 in
1847 4734 1853 4806 1
1991 4744 2226 4786 monae
2260 4722 2333 4784 in
2364 4743 2539 4784 cons.
2564 4721 2717 4804 gab.
2761 4722 2827 4793 C,
2856 4725 2955 4800 56.

237 4851 417 4894 ‘'On-5·
457 4829 617 4914 gab·
675 4830 742 4902 Cu
795 4850 894 4906 32·
1987 4860 2307 4922 Provisio
2332 4860 2650 4941 gabellae
2669 4859 2860 4941 quod
2884 4869 3283 4920 contractus
3308 4875 3531 4937 nuper

235 4967 568 5032 Provisio
631 4965 956 5048 gabellae
1003 4968 1192 5048 quod
1238 4965 1530 5047 quilibet
1577 4964 1799 5047 possit
1849 4934 1853 5001 ἶ
1902 4953 2125 5016 factus
2198 4954 2285 5015 de
2352 4973 2590 5015 mense
2636 4952 2925 5014 ianuarii
2994 4972 3120 5032 per
3184 4950 3526 5013 sindicum

1965 5141 2108 5146 ---..-
2137 5141 2158 5146 -
2217 5141 2346 5148 -..-.-
2383 5141 2416 5148 .-
2449 5139 2728 5148 ——-——-———————

209 5281 264 5324 (ιι
295 5277 364 5317 La
384 5273 782 5326 wprintendema
801 5271 874 5312 dei
891 5270 1034 5313 lavori
1056 5271 1100 5312 su
1120 5271 1228 5312 data
1248 5272 1288 5312 al
1313 5271 1466 5312 Priore
1486 5271 1529 5311 di
1553 5271 1794 5314 Vah-etde.
1901 5269 2097 5309 servizio
2124 5269 2193 5310 coi
2238 5268 2359 5310 buoi.
2400 5267 2697 5316 dell'appalto
2734 5265 2855 5307 della
2896 5265 3141 5306 baratteria
3184 5267 3253 5315 (66
3298 5265 3379 5304 lire
3420 5263 3528 5314 imp.

165 5339 352 5380 massaio
381 5337 462 5379 del
491 5342 638 5388 ponte
666 5336 735 5375 sul
769 5335 848 5382 1³0,
881 5347 906 5375 e
935 5345 962 5374 a
993 5335 1130 5374 Frate
1161 5335 1288 5374 Bono
1327 5333 1519 5374 Caracio
1547 5333 1592 5374 di
1623 5333 1794 5374 Carita.
1901 5332 2134 5382 all’anno).
2166 5330 2239 5372 del
2268 5331 2401 5370 dazio
2429 5330 2497 5370 sui
2526 5329 2793 5370 rivenditori
2823 5329 2869 5369 di
2898 5328 3007 5380 poili
3036 5341 3063 5368 e
3100 5340 3233 5376 uova,
3266 5339 3291 5367 e
3320 5326 3349 5366 il
3379 5331 3523 5368 mate-

167 5401 338 5442 Furono
367 5400 474 5442 loro
493 5396 732 5448 assegnati
761 5396 774 5436 i
803 5394 1014 5446 preventi
1041 5393 1117 5436 del
1145 5395 1280 5436 datio
1307 5395 1420 5436 suile
1441 5399 1573 5436 ruote
1590 5396 1794 5445 serrate,
1847 5412 1852 5441 ι
1901 5395 2012 5435 riale
2040 5393 2159 5434 delle
2188 5405 2293 5433 case
2330 5393 2543 5434 distrutte
2569 5403 2651 5442 per
2678 5391 2840 5432 ordine
2882 5390 2955 5431 del
2984 5401 3193 5431 comune.
3238 5390 3292 5432 V.
3336 5388 3524 5428 Provvi-

166 5469 326 5513 pagato
355 5461 450 5502 alle
479 5467 618 5512 porte
646 5458 722 5500 dai
743 5457 983 5504 forestieri,
1015 5456 1134 5498 della
1163 5463 1286 5498 tassa
1315 5457 1360 5498 di
1391 5469 1414 5506 ⁵
1445 5457 1560 5497 soldi
1591 5458 1698 5507 imp.
1731 5457 1795 5496 al·
1847 5473 1850 5507 Ι
1902 5458 2031 5496 sione
2060 5457 2131 5496 dcl
2166 5468 2185 5495 2
2218 5461 2396 5502 agosin.

165 5523 308 5566 l‘anno
337 5524 544 5575 imposta
571 5521 616 5562 ai
637 5519 850 5562 vetturali
871 5519 955 5561 che
985 5519 1104 5563 nella
1121 5519 1232 5560 εἰκὼ,
1260 5531 1286 5560 e
1315 5520 1388 5562 nei
1408 5519 1552 5562 chiusi
1574 5518 1794 5560 ἷκεν-8110
1846 5544 1851 5558 .
