4050 6109
549 269 663 326 126
1541 278 1810 327 CODICE
1854 275 2375 328 DIPLOMATICO
2420 277 2879 328 CREMONESE

1840 1047 2387 1156 CODICE
2456 1047 2584 1152 C.

741 1361 1675 1500 PROVVISIONI
1777 1360 2258 1502 DELLA
2355 1357 3041 1502 GABELLA
3140 1357 3676 1498 MAGNA

1985 1688 2443 1744 1395-1310.

539 1991 584 2035 1.
633 2011 714 2018 —
770 1990 947 2051 1295,
995 1970 1167 2034 mad.
1224 1991 1316 2043 11,
1389 1969 1578 2032 VIII.
1636 1969 1702 2042 C,
1750 1989 1807 2046 9.
2210 2016 2215 2060 ι
2259 1987 2316 2047 5.
2364 2005 2445 2014 —-
2500 1985 2677 2048 1295,
2725 1966 2902 2030 mad.
2944 1972 3041 2040 28,
3103 1967 3295 2042 VIII,
3328 1966 3370 2030 l.
3410 1966 3483 2030 in
3513 1990 3691 2033 conS.
3730 1992 3883 2054 gen.

621 2107 1060 2171 Reformatio
1117 2105 1389 2169 abbatis
1449 2115 1518 2168 et
1585 2104 1976 2184 sapientum
2045 2123 2163 2184 ga·
2211 2082 2216 2197 i
2348 2083 2575 2125 comm·
2632 2061 3016 2126 cremonae·
3068 2060 3139 2136 C,
3194 2085 3215 2125 ¹
3237 2084 3288 2124 ¹·

534 2201 760 2266 bellae
807 2203 995 2286 quod
1049 2201 1327 2283 glareae
1386 2197 1579 2272 Padi,
1627 2218 1807 2280 quae
1853 2208 2015 2261 sunt
2074 2199 2162 2260 ad
2208 2200 2217 2319 ΙΙ
2346 2198 2666 2262 Provisio
2716 2200 2883 2262 abb.
2958 2209 3026 2262 et
3093 2219 3236 2283 sap.
3305 2200 3625 2283 gabellae
3695 2203 3881 2284 quod

533 2307 814 2378 pontem
863 2295 1148 2358 inferius
1195 2306 1265 2357 et
1309 2315 1490 2376 quae
1534 2301 1775 2354 tenent
1821 2301 2032 2374 caput
2075 2292 2162 2354 ad
2263 2304 2660 2357 contractus
2744 2313 2905 2356 1200
2972 2293 3325 2366 librarum,
3395 2315 3576 2378 quae
3645 2306 3883 2358 mutuo

535 2401 838 2473 pontem,
885 2391 1064 2453 inter
1107 2399 1479 2470 utrumque
1525 2387 1783 2459 canale,
1845 2397 2163 2467 spectent
2208 2369 2213 2421 ¹
2262 2396 2583 2469 receptae
2661 2397 2822 2450 sunt
2886 2407 2928 2452 a
2992 2387 3345 2451 Iacomino
3412 2390 3499 2451 de
3566 2388 3753 2452 Ciria
3822 2405 3885 2452 et

541 2487 627 2548 ad
675 2505 1039 2548 commune
1084 2493 1153 2546 et
1195 2480 1498 2545 officium
1546 2480 1863 2562 gabellae
1924 2489 1993 2542 et
2048 2482 2161 2543 de·
2261 2482 2489 2556 sociiS,
2538 2481 3033 2545 inviolabiliter
3078 2483 3507 2546 observetur.

537 2581 748 2643 beant
809 2577 1148 2641 incantari
1215 2576 1284 2638 in
1343 2574 1632 2639 consilio
1704 2574 2034 2654 generali,
2095 2584 2163 2637 et

541 2674 690 2737 dari
735 2674 824 2736 ad
867 2670 1126 2735 fictum·
2205 2682 2211 2865 Ι
2259 2691 2315 2750 6.
2362 2721 2444 2733 —
2497 2705 2674 2767 1295,
2720 2685 2895 2749 mad.
2945 2708 3043 2766 30,
3116 2689 3306 2764 VIII,
3374 2688 3415 2752 l.
3480 2688 3551 2751 in
3614 2688 3890 2752 consilio

2338 2780 2638 2864 gabellae
2692 2781 3074 2846 Cremonae.
3127 2782 3196 2857 C,
3252 2804 3274 2845 1
3290 2805 3344 2846 2.

503 2891 594 2956 ⁸²·
641 2931 724 2940 ““
777 2913 951 2973 ¹²952
1003 2889 1178 2956 mad·
1234 2913 1325 2970 ¹3·
1383 2893 1449 2965 ε’
1498 2912 1555 2970 9·
2204 2870 2210 3021 ἐ
2343 2917 2664 2982 Provisio
2746 2918 3016 2982 consilii
3082 2919 3417 3002 gabellae,
3494 2922 3684 3003 quod
3755 2942 3889 2985 non

617 3031 982 3094 Praedicta
1039 3030 1436 3094 reformatio
1500 3048 1626 3110 per
1691 3029 2012 3090 abbatem
2090 3037 2159 3089 et
2256 3023 2625 3075 teneantur
2668 3012 2771 3075 ire
2815 3013 2885 3076 in
2918 3013 3304 3077 exercitum
3345 3016 3435 3077 ad
3486 3013 3891 3078 Castionum

540 3125 890 3207 sapientes
937 3123 1014 3187 fit
1058 3124 1388 3207 provisio,
2256 3106 2327 3168 in
2372 3106 2777 3188 episcopatu
2838 3108 3117 3170 Laudae
3170 3109 3473 3172 sedecim
3535 3110 3885 3192 sapientes

2202 3202 2206 3295 Ι
2257 3199 2376 3281 qui
2422 3200 2589 3282 eligi
2633 3200 2891 3264 debent
2936 3212 3235 3283 quatuor
3290 3223 3418 3284 per
3458 3215 3734 3285 portam
3804 3206 3885 3266 de

2202 3298 2206 3377 ξ
2254 3293 2657 3357 melioribus
2710 3294 3048 3377 gabellae,
3106 3306 3177 3359 et
3228 3297 3479 3361 notarii
3545 3299 3883 3380 gabellae,

2201 3380 2207 3553 ἡ
2253 3397 2661 3544 Ξῗᾶἳὲἓῑοτθε
2726 3389 2921 3462 salis,
2990 3391 3331 3473 guaytoni
3356 3441 3370 3466 ‚
3437 3392 3696 3474 aliique
3744 3390 3885 3454 offi-

531 3367 588 3427 3.
635 3386 718 3395 —
773 3369 948 3429 1295,
996 3345 1169 3412 mad.
1221 3370 1318 3411 21.
1375 3348 1440 3419 C,
1491 3371 1548 3428 9.

614 3485 1055 3549 Reformatio
1099 3485 1370 3549 abbatis
1416 3496 1485 3547 et
1529 3485 1918 3568 sapientum
1966 3484 2156 3566 quod

531 3577 618 3642 de
675 3579 1050 3662 praedictis
1109 3579 1364 3661 glareis
1421 3580 1662 3642 Frater
1719 3579 2153 3647 Albertinus,
2202 3558 2209 3689 ΙΙ

527 3674 902 3736 massarius
931 3673 1165 3754 pontis
1196 3673 1390 3745 Padi,
1413 3674 1668 3735 habeat
1699 3673 2158 3754 quantitatem
2204 3704 2208 3715 ·
2326 3684 2473 3737 Cum
2509 3684 2763 3739 officium
2790 3687 3017 3752 gabelle
3054 3703 3168 3740 non
3206 3689 3391 3755 possit
3434 3689 3582 3743 bene
3618 3689 3745 3745 fieri
3782 3692 3882 3744 nisi

531 3785 740 3848 quam
788 3767 1086 3830 voluerit
1141 3787 1270 3850 pro
1327 3776 1559 3848 ponte,
1607 3777 1674 3828 et
1731 3765 2156 3847 superfluum
2204 3760 2209 3809 Ε
2258 3759 2375 3813 duo
2412 3778 2481 3814 ex
2518 3762 2966 3827 gabellatoribus
3000 3765 3272 3818 continue
3308 3766 3366 3819 in
3404 3767 3558 3819 horis
3594 3769 3883 3822 consuetis

529 3859 782 3932 afictet,
808 3881 1021 3942 quum
1051 3860 1307 3924 frustra
1343 3860 1733 3923 incantatae
1766 3860 2057 3923 fuissent
2087 3859 2157 3921 in
2258 3845 2410 3967 {tent
2444 3838 2517 3890 ad
2563 3848 2809 3967 gomma
2841 3839 3007 3903 Padi,
3045 3850 3104 3893 et
3151 3840 3273 3929 ‘¹²¹9
3308 3841 3382 3894 ad
3432 3851 3659 3908 portam
3704 3847 3881 3898 sancti

531 3954 821 4017 consilio
869 3955 1196 4036 generali·
2203 3946 2207 3959 ·
2308 3931 2434 3978 uec,
2472 3925 2528 3966 et
2606 3931 2681 3968 uo
2734 3931 2768 3968 a
2846 3925 3069 3982 portam
3114 3934 3375 3972 ommuni
3410 3919 3790 3984 Sanctorum,
3828 3932 3882 3974 et

2204 3974 2207 4015 Ι
2258 3991 2377 4043 duo
2414 3991 2487 4043 ad
2514 3991 2852 4054 boletinum,
2890 4002 2947 4046 et
2971 3993 3145 4061 aliqui
3184 3995 3297 4048 sint
3325 4011 3457 4050 cum
3492 3997 3761 4051 abatibus
3786 4001 3880 4066 qui

2202 4126 2206 4151 Ι
2256 4069 2477 4132 possint
2512 4068 2592 4120 ire
2629 4085 2733 4134 pro
2758 4069 2881 4122 aliis
2906 4069 3109 4124 officiis
3132 4071 3356 4136 gabelle
3382 4073 3677 4127 faciendis.
3717 4075 3881 4127 Ideo-

530 4197 586 4254 4·
635 4214 715 4222 —
771 4195 947 4254 1295,
998 4174 1169 4237 mad·
1221 4195 1317 4254 25,
1391 4173 1578 4246 VIII,
1625 4175 1790 4238 lecta
1837 4179 1904 4238 et
1932 4175 2151 4260 publi·
2200 4164 2205 4255 ἰ
2254 4149 3881 4295 3325..{5?}22¹3}.535‘3125322„5323&giiieguffssqffi

614 4274 762 4332 cata
793 4269 864 4331 in
897 4268 1170 4331 consilio
1197 4268 1516 4352 generali
1538 4269 1928 4343 communis,
1951 4276 2151 4353 prae·
2199 4334 2203 4360 1
2253 4313 2359 4362 pm
2391 4297 2628 4350 utilitate
2653 4298 2804 4351 dicte
2840 4299 3084 4365 galnae,
3122 4309 3182 4353 et
3205 4309 3268 4354 ut
3290 4301 3543 4356 officium
3582 4303 3764 4370 ipsius
3787 4323 3879 4372 ga-

613 4362 912 4425 sentibus
978 4364 1067 4424 l).
1115 4361 1404 4424 Roberlo
1466 4362 1544 4424 de
1596 4362 1663 4424 la
1718 4364 1918 4426 Crosa
1971 4369 2149 4448 pole·
2198 4422 2203 4433 ,
2254 4374 2403 4426 belle
2440 4373 2589 4427 bene
2626 4382 2684 4427 et
2720 4375 2929 4428 utiliter
2966 4376 3082 4438 fiat,
3120 4377 3280 4443 quod
3309 4387 3558 4446 quatuor
3592 4383 3880 4447 sapientes.

617 4461 793 4520 state
836 4461 904 4518 et
943 4458 1038 4518 D.
1087 4455 1416 4518 Anselmo
1463 4457 1542 4518 de
1589 4455 1913 4540 Rodeizgo
1977 4458 2150 4541 capz'-
2198 4438 2203 4465 ⁴
2250 4467 2353 4516 per
2407 4459 2629 4517 portam
2688 4451 2761 4504 de
2810 4453 3141 4540 nielioribus
3174 4455 3419 4542 ‘gabelle
3459 4457 3765 4544 eligantur,
3806 4460 3877 4511 ita

616 4547 829 4606 tang-0,
883 4541 953 4615 C,
1010 4562 1102 4603 10.
2251 4528 2411 4593 quod
2450 4545 2563 4582 una
2599 4538 2763 4595 porta
2798 4529 2971 4594 eligat
3020 4546 3079 4582 m
3114 4530 3225 4584 alia
3260 4542 3317 4584 et
3362 4549 3476 4586 non
3512 4550 3569 4586 m
3606 4551 3740 4596 sua,
3780 4537 3875 4602 qui

2250 4611 2400 4656 stare
2453 4605 2704 4658 debeant
2757 4606 2829 4658 ad
2872 4605 3125 4660 officium
3162 4608 3386 4674 gabelie
3441 4619 3701 4677 tempore
3756 4629 3877 4678 pre-

613 4680 934 4742 Provisio
1008 4679 1340 4742 abbatum
1421 4690 1490 4741 et
1565 4679 1953 4760 sapientum
2028 4700 2147 4762 ga·
2197 4670 2203 4738 Ι
2252 4681 2429 4734 sentis
2464 4682 2748 4734 exercitus
2769 4682 2866 4748 qui
2894 4681 3014 4736 fieri
3041 4683 3215 4737 debet
3237 4685 3291 4737 in
3316 4685 3647 4753 episcopatu
3678 4689 3876 4742 Laude

527 4774 752 4836 bellae
791 4783 1028 4835 contra
1064 4792 1396 4852 personas
1441 4773 1764 4844 civitatiS,
1798 4773 2153 4837 districtus
2198 4782 2202 4837 :
2250 4757 2323 4842 fad
2362 4757 2725 4821 Castionum,
2764 4767 2823 4811 et
2870 4775 2985 4811 ‘¹⁰¹¹
3032 4769 3333 4816 teneantur
3368 4779 3475 4816 nec
3510 4763 3761 4818 debeant
3796 4765 3875 4818 ire

1485 4865 1496 4878 .
2252 4850 2307 4885 m
2362 4844 2671 4886 irc-sentem
2708 4835 3021 4889 exercitum
3060 4854 3165 4889 nec
3214 4839 3480 4892 comelli
3559 4856 3596 4893 o
3660 4841 3673 4853 '
3852 4860 3874 4894 r

531 4868 643 4929 vel
703 4865 1033 4936 forense&
1097 4885 1274 4947 quae
1321 4875 1546 4946 grana
1604 4868 1714 4928 Vel
1758 4886 1992 4928 amore
2040 4870 2149 4930 vel
2197 4880 2202 4960 !
2250 4851 2589 4975 potlestatern
2625 4928 2733 4964 nec
2768 4929 2871 4979 per
2894 4914 3256 4979 capitaneum
3295 4857 3400 4970 nge
3436 4852 3873 4984 pe5esosriiinli‘g-

527 4959 754 5042 Pretio
777 4959 1219 5040 permiserint
1249 4959 1541 5021 GondUCi
1568 4971 1767 5021 extra
1797 4959 2148 5023 CiVitatOm
2196 4982 2201 5061 i
2249 4987 2431 5039 milias
2484 4989 2565 5040 irc
2620 4988 2671 5040 in
2724 4999 3051 5054 presentem
3088 4993 3425 5056 exercitum,
3464 5011 3571 5048 nec
3624 5011 3726 5062 per
3772 5013 3872 5049 eos

530 5064 596 5116 et
670 5052 1060 5116 districtum
1131 5053 1705 5115 merchadandias
1772 5074 1949 5135 quae
2010 5074 2150 5117 non
2195 5064 2201 5137 Ι
2250 5064 2556 5126 molestari,
2598 5082 2703 5118 nec
2738 5067 2995 5132 agravari
3032 5085 3139 5120 nec
3164 5070 3596 5136 condempnari,
3636 5089 3741 5126 nec
3779 5073 3871 5124 ali-

530 5147 868 5210 solvcrint
934 5147 1282 5228 gabellam
1350 5155 1418 5209 et
1477 5147 1748 5228 pedalia
1812 5148 2147 5224 ordinata,
2196 5174 2199 5209 ι
2249 5157 2363 5207 qua
2400 5143 2659 5207 exceptio
2700 5144 2880 5208 90⁵⁵st
2915 5146 2998 5198 eis
3042 5148 3257 5212 opponi
3309 5163 3415 5212 pro
3450 5165 3523 5200 ΕΟ
3560 5151 3717 5215 quod
3754 5166 3869 5202 ¹10st

528 5243 640 5305 Vel
695 5241 1129 5306 tansaverint
1172 5252 1615 5304 'mercatores
1682 5242 2148 5304 conducentes
2192 5214 2203 5296 ξ
2250 5217 2454 5270 iverint
2478 5218 2532 5270 in
2562 5218 2779 5272 dictum
2806 5222 3140 5284 exercitum,
3181 5233 3239 5276 et
3264 5225 3368 5278 hec
3394 5226 3645 5292 provisio
3680 5235 3737 5280 et
3762 5229 3869 5279 hoc

1233 5335 1244 5347 .
1933 5337 1944 5348 .
2248 5303 2522 5348 statutum
2562 5297 2770 5352 habeat
2806 5308 2864 5351 et
2901 5299 3111 5354 habere
3146 5299 3359 5356 debeat
3392 5303 3508 5355 vim
3544 5304 3733 5356 statuti
3772 5321 3869 5369 po-

528 5347 730 5399 extra
761 5336 1351 5408 merchadand1a3‚
1385 5355 1564 5417 quae
1600 5356 1738 5398 non
1771 5338 2147 5399 SOlV¹SSent
2193 5307 2201 5421 Ι
2247 5371 2365 5436 puli
2402 5382 2459 5425 ct
2494 5373 2677 5426 valcat
2715 5385 2770 5427 ct
2795 5383 3006 5440 teneat,
3045 5379 3550 5433 nonobstantibus
3582 5381 3867 5448 aliquibus

528 5431 842 5513 gabellaS
889 5430 1240 5492 ordinatas
1287 5449 1411 5510 Per
1457 5449 1838 5492 Commune·
2192 5427 2201 5504 Ι
2246 5450 2469 5502 statutis
2506 5459 2563 5502 et
2586 5453 3087 5508 reformationibus
3122 5456 3489 5509 consiliorum
3528 5458 3787 5511 comunis
3811 5467 3865 5510 ct
