4050 6109
659 305 835 354 LITE
879 303 1026 356 CON
1073 291 1400 356 L’ABATE
1444 307 1526 356 DI
1571 307 1627 356 S.
1675 307 1879 356 SISTO
1925 309 2075 358 PER
2120 308 2580 358 GUASTALLA
2628 309 2674 358 E
2721 303 3079 358 LUZ'ZARA

205 562 319 621 249.
349 580 432 588 —-
489 564 649 624 1227
679 548 706 607 ?
741 549 966 628 (senza
989 547 1168 610 data.
1195 547 1290 610 N.
1324 546 1609 612 d'Arch.
1646 569 1828 611 2020.

277 638 440 700 Doc.
477 644 787 703 cartaceo
832 639 944 704 del
979 661 1104 704 sec.
1151 643 1343 723 XIII).

275 825 696 910 Privilegia‚
763 831 1102 904 honores,
1171 831 1686 895 iurisdictiones
1761 843 1830 896 et

203 921 738 985 consuetudines
771 923 1003 988 curiae
1034 935 1104 990 et
1132 925 1492 990 hominum
1531 927 1618 991 de
1654 925 1832 990 Gua-

202 1016 401 1080 stalla.

255 1324 375 1376 Hec
399 1333 541 1377 sunt
561 1323 864 1391 privilegia
884 1325 1136 1378 honores
1162 1325 1585 1379 iurisdictiones
1610 1333 1668 1378 et
1695 1341 1829 1378 con-

197 1401 522 1454 suetudines
559 1401 722 1454 curie
759 1397 1088 1455 communis
1122 1411 1180 1456 et
1217 1402 1519 1456 hominum
1555 1401 1629 1455 de
1665 1403 1829 1458 Gua-

196 1477 362 1532 stalla.

257 1556 318 1606 In
371 1555 582 1620 primis
629 1571 948 1608 commune
993 1566 1053 1609 et
1103 1555 1374 1610 homines
1420 1556 1495 1609 de
1531 1557 1830 1610 Guastalla

197 1631 244 1682 in
277 1633 435 1684 curia
473 1642 535 1687 et
571 1649 756 1699 penes
791 1640 1140 1698 potestatem
1177 1642 1236 1686 et
1273 1632 1488 1686 curiam
1532 1633 1830 1687 Guastalle

195 1707 402 1762 debent
455 1709 679 1763 habere
733 1717 985 1778 quatuor
1035 1710 1318 1763 iuratores
1370 1710 1444 1763 de
1497 1709 1830 1763 hominibus

195 1786 486 1840 Guastalle
523 1787 627 1852 qui
663 1803 834 1854 pares
871 1786 1030 1840 curie
1065 1787 1386 1854 apellantur
1409 1827 1423 1851 ,
1463 1787 1562 1854 qui
1614 1788 1830 1841 debent

193 1862 367 1916 facere
402 1863 947 1916 condenmaciones
983 1871 1042 1917 et
1082 1863 1478 1917 absolutiones
1523 1863 1829 1918 maleficio-

195 1955 311 1991 rum
347 1949 408 1993 et
445 1941 824 1993 osensionum
871 1957 988 2007 que
1033 1940 1238 1994 fierent
1281 1949 1339 1993 et
1380 1941 1831 2006 perpetraverint

193 2017 242 2068 in
265 2017 530 2070 districtu
559 2027 619 2070 et
643 2018 802 2070 curia
830 2017 1148 2078 Guastalle,
1176 2025 1294 2070 tam
1320 2016 1394 2070 de
1419 2017 1502 2070 eis
1527 2017 1584 2070 in
1619 2016 1830 2084 quibus

189 2094 498 2146 vindictam
537 2093 841 2160 sanguinis
875 2095 1198 2148 exercerint
1235 2111 1412 2162 quam
1432 2094 1508 2147 de
1543 2094 1688 2148 alliis
1713 2111 1831 2147 ma-

197 2170 386 2224 leficiis
425 2180 486 2225 et
523 2170 946 2224 offensionibus
983 2171 1040 2224 in
1077 2170 1232 2224 robis
1269 2179 1327 2225 et
1361 2171 1642 2237 personis·

253 2250 396 2301 Item
436 2249 606 2316 quod
643 2249 804 2302 curia
841 2248 1139 2302 Guastalle
1176 2256 1265 2301 est
1299 2249 1456 2302 curia
1505 2247 1732 2314 regaliS,
1771 2256 1831 2301 et

193 2325 510 2378 iurisdictio
549 2341 654 2391 per
689 2341 754 2378 se
789 2326 968 2378 habet
991 2325 1048 2378 in
1075 2325 1272 2378 omnia
1295 2325 1600 2391 imperium
1625 2333 1683 2378 et
1705 2324 1831 2390 ple-

188 2418 314 2454 nam
356 2401 844 2464 iurisdictionem,
886 2400 1156 2454 habendo
1191 2401 1366 2467 gladii
1403 2409 1766 2468 potestatem.

255 2480 400 2531 Item
441 2479 610 2546 quod
647 2494 855 2532 omnes
891 2477 967 2532 de
991 2477 1291 2531 Guastalla
1315 2487 1372 2532 et
1393 2478 1601 2546 aliquis
1625 2493 1828 2532 eorum

189 2571 297 2607 non
327 2555 514 2608 debet
541 2556 650 2608 trai
676 2571 786 2608 nec
813 2553 1004 2608 vocari
1041 2555 1115 2607 ad
1152 2553 1428 2608 iudicium
1463 2555 1551 2607 vel
1590 2555 1647 2607 in
1684 2553 1830 2607 iudi·

187 2631 336 2684 cium
375 2631 454 2684 de
494 2631 790 2698 aliquibus
815 2631 1219 2697 questionibus
1243 2639 1403 2684 extra
1428 2630 1744 2684 districtum
1771 2639 1831 2683 et

187 2709 402 2761 curiam
443 2709 769 2771 Guastalle,
808 2706 913 2761 sed
947 2708 1259 2760 solumodo
1295 2709 1351 2761 in
1389 2708 1686 2762 Guastalla
1719 2709 1828 2762 sub

186 2787 458 2838 examine
495 2785 658 2840 curie
695 2794 754 2840 et
790 2785 1092 2852 potestatis
1129 2784 1444 2838 Guastalle.

250 2863 401 2916 Item
441 2863 610 2930 quod
647 2863 757 2915 sub
793 2861 952 2914 curia
986 2871 1044 2914 et
1079 2870 1364 2928 potestate
1400 2862 1695 2915 Guastalle
1731 2878 1831 2928 po-

185 2948 288 2992 test
323 2939 635 2993 conveniri
681 2954 1055 3005 quecumque
1099 2953 1344 3005 persona
1389 2955 1505 3006 que
1557 2947 1708 2992 esset
1754 2939 1830 2991 de

183 3018 432 3083 imperio
477 3018 556 3070 de
612 3015 972 3083 quibuslibet
1016 3015 1418 3082 questionibus
1453 3023 1513 3068 et
1552 3017 1744 3080 rebus,
1782 3016 1829 3069 si

181 3103 410 3160 reperta
449 3093 626 3146 suerit
663 3092 722 3146 in
757 3091 882 3157 ipsa
917 3091 1075 3144 curia
1105 3099 1164 3144 et
1187 3091 1466 3153 districtu,
1493 3109 1528 3144 a
1551 3108 1830 3159 quocum-

180 3189 290 3237 que
325 3171 574 3225 volente
609 3171 798 3236 ipsam
835 3169 1166 3233 convenire,
1205 3185 1322 3222 non
1359 3169 1627 3222 obstante
1662 3169 1831 3236 privi-

179 3249 326 3312 legio
363 3248 502 3302 sori.
1649 3281 1654 3287 ·

247 3327 396 3378 Item
439 3324 606 3392 quod
644 3322 890 3390 quilibet
927 3322 1148 3376 habens
1185 3331 1243 3376 et
1267 3331 1469 3376 tenens
1499 3323 1830 3376 molendina

178 3402 228 3453 in
269 3403 438 3454 Pado
493 3400 572 3454 ad
611 3400 799 3466 ripam
851 3407 911 3452 et
959 3399 1310 3453 territorium
1359 3400 1656 3452 Guastalle
1711 3416 1826 3453 non

177 3477 352 3532 debet
389 3477 628 3530 solvere
663 3476 925 3542 alliquod
961 3475 1278 3529 tolomeum
1307 3491 1500 3542 neque
1525 3477 1829 3540 prestacio-

175 3571 308 3607 nem
351 3554 462 3606 nisi
505 3551 822 3605 solumodo
859 3551 1171 3605 duodecim
1211 3551 1533 3618 imperiales
1569 3552 1828 3618 quolibet

177 3647 328 3684 anno
365 3641 428 3686 et
467 3627 740 3696 quolibet
775 3628 1114 3682 molendino
1149 3628 1305 3681 curie
1343 3628 1660 3692 Guastalle,
1687 3638 1828 3681 tem-

178 3723 316 3774 pore
348 3723 476 3776 quo
533 3707 838 3760 solvuntur
891 3705 1002 3758 alia
1049 3703 1184 3759 ficta
1235 3704 1421 3769 curie,
1456 3713 1516 3759 et
1550 3706 1624 3758 ab
1666 3705 1826 3759 omni

3468 297 3546 371 87

2118 441 2277 450 —--—

1928 559 2061 614 allia
2095 560 2433 614 condicione
2475 562 2833 626 prestaeione
2887 570 2946 614 et
2996 559 3328 628 gravamine
3380 558 3555 614 debet

1928 653 2057 690 esse
2092 637 2343 692 inmunis
2378 647 2660 706 quantum
2694 655 2801 705 pro
2836 639 2965 705 ipso
2999 637 3353 692 molendino,

1997 715 2145 768 Item
2182 715 2341 782 quod
2376 715 2640 769 homines
2675 724 2733 770 et
2769 731 3016 782 persone
3052 713 3350 768 Guastalle
3375 713 3554 768 libere

1929 799 1988 844 et
2021 792 2285 845 absolute
2331 791 2548 845 debent
2571 802 2629 845 et
2664 801 2908 859 possunt
2942 792 3155 846 ducere
3188 790 3444 858 quelibet
3477 790 3558 843 vi-

1929 868 2137 920 ctualia
2173 867 2228 920 in
2267 867 2522 922 districtu
2561 869 2856 922 Guastalle
2880 868 3275 936 undequoque
3312 883 3415 934 per
3446 875 3556 920 ter-

1931 943 2123 999 ritoria
2177 953 2235 999 et
2284 961 2496 1012 aquam
2549 945 2675 998 sine
2726 945 2945 1012 alliquo
2996 944 3163 998 dacio
3207 952 3266 997 et
3301 944 3555 998 tolomeo

1929 1022 2275 1088 prestando,
2314 1031 2373 1076 et
2422 1021 2634 1076 eodem
2680 1022 2859 1075 modo
2904 1038 3011 1074 sua
3052 1021 3320 1076 victualia
3370 1030 3429 1073 et
3464 1037 3555 1074 res

1929 1114 2305 1166 quocumque
2338 1099 2551 1152 ducere
2585 1098 2765 1152 libere
2801 1107 2861 1152 et
2895 1098 3177 1152 absolute.

1999 1176 2145 1229 Item
2189 1174 2348 1242 quod
2394 1175 2749 1242 quicumque
2792 1176 2970 1228 habet
3014 1184 3195 1228 terras
3229 1183 3287 1228 et
3322 1189 3555 1242 posses-

1925 1253 2119 1305 siones
2152 1252 2211 1304 in
2246 1251 2503 1305 districtu
2541 1260 2601 1305 et
2634 1251 2793 1305 curia
2828 1251 3125 1304 Guastalle
3148 1259 3207 1305 et
3229 1251 3556 1304 undecum-

1925 1345 2041 1396 que
2077 1330 2151 1385 sit
2182 1336 2413 1382 tenetur
2435 1336 2493 1382 et
2516 1328 2742 1381 solvere
2766 1327 2941 1382 debet
2964 1327 3128 1382 fodra
3151 1337 3209 1382 et
3231 1328 3398 1381 datas
3420 1343 3552 1380 cum

1926 1406 2259 1459 hominibus
2293 1405 2591 1460 Guastalle
2625 1413 2685 1458 et
2722 1403 2969 1474 [pariter
3002 1407 3099 1472 ac]
3137 1405 3245 1471 ipsi
3289 1403 3555 1457 homines

1923 1491 1982 1534 et
2017 1491 2272 1546 prestare
2305 1480 2465 1534 allias
2500 1479 2755 1535 faciones
2802 1487 3028 1535 tantum
3064 1497 3171 1548 pro
3215 1480 3355 1602 ipsis
3391 1480 3555 1534 terris

1925 1567 1983 1611 et
2019 1557 2499 1624 possessionibus,

1996 1637 2141 1688 Item
2178 1635 2339 1702 quod
2375 1650 2688 1688 commune
2728 1643 2788 1688 et
2832 1634 3097 1688 homines
3146 1633 3223 1688 de
3260 1633 3557 1686 Guastalla

1923 1719 2048 1765 toto
2084 1721 2346 1777 tempore
2383 1728 2501 1778 quo
2538 1711 2747 1764 suerint
2799 1711 2857 1764 in
2911 1711 3152 1764 servicio
3194 1708 3555 1778 [communis

1924 1788 2271 1856 Cremone?]
2290 1788 2496 1841 iverint
2518 1797 2577 1841 et
2599 1788 2861 1844 steterint
2882 1788 3001 1841 suis
3019 1787 3265 1854 propriis
3288 1786 3556 1854 expensis

1925 1873 1984 1917 et
2017 1865 2137 1917 suis
2172 1862 2360 1930 risigis
2395 1874 2454 1918 et
2506 1864 2775 1930 periculis
2828 1865 2886 1917 in
2942 1865 3119 1918 rebus
3170 1873 3227 1918 et
3274 1861 3553 1930 personis,

1922 1941 2049 1994 sine
2085 1941 2281 2008 aliquo
2316 1942 2651 2008 gravamine
2687 1949 2745 1995 et
2781 1941 3049 2009 expensis
3073 1939 3399 1994 communis
3423 1941 3557 1993 Cre-

1927 2033 2120 2072 mone.

1997 2093 2139 2148 Item
2178 2094 2337 2162 quod
2378 2111 2691 2148 commune
2736 2103 2796 2148 et
2838 2094 3107 2149 homines
3150 2095 3226 2148 de
3262 2093 3557 2147 Guastalla

1925 2187 2225 2238 nonquam
2250 2188 2313 2224 se
2338 2171 2754 2225 alibellaverint
2776 2188 2909 2225 cum
2932 2187 3244 2225 commune
3270 2171 3557 2224 Cremone

1927 2263 2033 2302 nec
2068 2249 2345 2302 solverint
2377 2247 2571 2316 aliqua
2618 2248 2784 2302 fodra
2826 2265 2935 2302 nec
2986 2257 3187 2304 mutua
3235 2246 3343 2316 ipsi
3393 2263 3556 2301 com-

1927 2325 2085 2378 muni
2120 2341 2255 2378 cum
2290 2325 2419 2392 ipso
2458 2325 2753 2378 communi
2801 2341 2910 2380 nec
2955 2325 3289 2393 episcopatu
3338 2340 3555 2376 cremo-

1925 2401 2089 2454 nensi
2108 2417 2215 2454 nec
2250 2417 2314 2455 se
2350 2401 2637 2455 alibellare
2670 2401 2889 2455 debent
2906 2418 3015 2455 nec
3033 2387 3239 2469 aliquis
3274 2401 3553 2460 sacioneS,

1925 2486 2014 2532 set
2048 2493 2278 2544 semper
2312 2493 2415 2544 per
2448 2494 2513 2531 se
2546 2479 2822 2532 solverint
2856 2495 2962 2532 sua
3006 2478 3173 2531 fodra
3208 2485 3267 2532 et
3310 2493 3445 2531 suas
3477 2477 3555 2530 fa-

1925 2556 2122 2608 ciones
2148 2555 2385 2608 fecerint
2417 2554 2476 2608 in
2511 2563 2662 2608 terra
2697 2571 2803 2609 sua
2850 2565 2908 2609 et
2942 2555 3201 2609 districtu
3236 2554 3553 2608 Guastalle.

1997 2635 2144 2686 Item
2177 2632 2339 2699 quod
2388 2632 2465 2686 de
2513 2633 2787 2686 omnibus
2830 2641 2889 2686 et
2932 2631 3172 2699 singulis
3216 2631 3556 2698 supradictis

1925 2717 2014 2762 est
2048 2708 2279 2775 publica
2312 2725 2427 2762 vox
2464 2719 2523 2764 et
2558 2709 2729 2773 fama,
2756 2717 2815 2764 et
2850 2709 3011 2777 quod
3038 2709 3116 2762 ita
3140 2709 3441 2762 obtentum
3468 2717 3553 2760 est

1925 2795 1984 2840 et
2016 2787 2387 2840 observatum
2441 2794 2605 2840 tanto
2657 2795 2921 2852 tempore
2975 2784 3139 2840 cuius
3190 2801 3308 2839 non
3361 2793 3449 2838 est
3479 2784 3551 2836 ad

1927 2863 2287 2924 memoriam,
2310 2872 2368 2917 et
2392 2871 2655 2928 tempore
2678 2863 2969 2916 comitisse
2989 2862 3227 2915 Matilde
3250 2870 3310 2915 et
3333 2859 3555 2928 imperii

1925 2949 1984 2992 et
2021 2939 2363 2992 nonciorum
2399 2939 2644 3006 imperii.

1995 3017 2143 3069 Item
2180 3016 2341 3084 quod
2376 3031 2689 3070 commune
2722 3025 2781 3069 et
2824 3017 3089 3069 homines
3125 3017 3413 3069 Cremone
3448 3014 3554 3066 de-

1926 3093 2065 3146 bent
2084 3101 2457 3146 manutenere
2480 3102 2538 3147 et
2564 3109 2905 3146 conservare
2923 3100 2981 3146 et
2998 3093 3313 3146 defendere
3334 3091 3549 3145 curiam

1924 3185 2237 3222 commune
2272 3177 2330 3221 et
2366 3169 2629 3222 homines
2664 3169 2739 3222 de
2776 3169 3071 3223 Guastalla
3107 3169 3161 3222 in
3201 3186 3273 3222 eo
3308 3175 3455 3222 statu
3498 3168 3551 3220 in

1925 3262 2045 3314 quo
2079 3253 2389 3299 tenuerunt
2435 3245 2787 3299 comitissam
2834 3245 3089 3298 Matildis
3140 3255 3199 3300 et
3248 3246 3548 3310 imperium

1923 3323 2109 3388 ipsam
2144 3322 2361 3374 curiam
2386 3329 2443 3374 et
2479 3321 2745 3375 homines
2778 3331 2837 3375 et
2870 3338 3200 3385 commune,
3229 3331 3289 3376 et
3322 3323 3395 3375 ab
3430 3337 3551 3374 om-

1923 3399 2096 3453 nibus
2119 3399 2528 3452 communibus
2550 3407 2610 3452 et
2632 3398 2893 3465 personis
2920 3398 3421 3452 circumstantibus
3444 3398 3551 3464 ipsi

1922 3491 2191 3537 comune,
2230 3485 2289 3529 et
2341 3475 2663 3530 districtum
2716 3475 2896 3542 ipsius
2953 3475 3129 3537 curie,
3176 3475 3235 3528 in
3282 3474 3552 3528 omnibus

1923 3552 2041 3605 suis
2078 3552 2294 3605 iuribus
2329 3561 2389 3606 et
2424 3553 2655 3616 finibus,
2693 3561 2751 3606 et
2780 3551 2993 3606 nullam
3016 3552 3328 3606 novitatem
3366 3551 3552 3604 facere

1923 3645 2030 3683 nec
2054 3629 2305 3694 permitti
2324 3629 2499 3683 fiendi
2524 3631 2599 3684 ab
2624 3629 2931 3698 alliquibus
2954 3630 3013 3682 in
3038 3630 3195 3683 curia
3214 3638 3273 3682 et
3294 3628 3548 3682 districtu

1923 3706 2241 3760 Guastalle.

1826 4429 2333 4436 ——-—-..-.--—-——————
