4050 6109
625 334 800 381 LITE
843 332 990 382 CON
1035 320 1365 383 L’ABATE
1407 337 1486 384 DI
1534 336 1590 383 S.
1637 336 1840 385 SISTO
1885 337 2037 384 PER
2083 335 2543 385 GUASTALLA
2590 338 2637 385 E
2681 337 3041 385 LUZZARA

180 454 409 461 -—-..—4-

786 458 1159 465 —-—-———-——-
1228 460 1459 465 --—..—

169 578 380 641 testati
427 579 837 653 Cremonae,
884 592 961 643 ut
1004 582 1344 645 Mutinam
1392 584 1628 648 veniat
1673 587 1786 649 vel

171 673 381 735 mittat
429 674 704 737 decima
749 674 861 738 die
891 686 1049 757 post
1085 675 1470 739 litterarum
1517 698 1786 762 reprae-

169 764 642 831 sentationem.

167 960 252 1033 64.
297 993 378 1001 -
435 977 618 1031 1220,
680 978 840 1042 aug.
890 978 988 1036 31,
1061 958 1248 1031 VIII,
1303 957 1624 1022 Mutinae
1664 958 1786 1022 sub

229 1047 508 1135 porticu
551 1050 913 1115 canonicae
955 1052 1028 1115 S.
1071 1052 1456 1117 Laurentii.

237 1186 590 1250 Praedicti
627 1187 898 1251 iudices
933 1198 1354 1269 potestatem
1391 1199 1461 1251 et
1497 1210 1788 1253 comune

163 1281 538 1345 Cremonae
575 1290 1028 1345 contumaces
1065 1283 1598 1364 interloquendo
1633 1302 1786 1364 pro-

161 1376 494 1449 nuntiant,
541 1376 671 1439 sed
714 1376 957 1439 dicunt
1004 1375 1283 1439 differre
1336 1378 1426 1439 ad
1491 1396 1786 1459 poenam

159 1466 676 1550 iniungendam.

155 1676 239 1749 65.
285 1706 366 1715 --
423 1689 610 1743 1220,
655 1675 778 1733 oct.
829 1692 884 1750 7,
936 1671 1124 1742 VIII,
1173 1669 1247 1733 in
1283 1670 1604 1734 canonica
1651 1693 1784 1734 ma-

229 1762 367 1825 iori
405 1761 755 1827 zldutt'nae.
803 1764 870 1827 A
870 1772 944 1849 p.

229 1899 553 1962 Nuncius
627 1900 905 1963 abbatis
980 1902 1050 1964 S.
1131 1900 1496 1963 Benedicti
1575 1922 1785 1982 supra

158 1993 412 2055 Padum
462 2003 870 2074 praesentat
905 1994 1174 2057 litteras
1203 1994 1784 2076 archipresbitero

155 2086 531 2149 mutinensi
563 2097 634 2149 et
666 2086 882 2168 priori
914 2088 1001 2150 de
1031 2088 1499 2161 ColumbariO,
1532 2088 1786 2170 quibus

151 2180 360 2241 abbas
407 2180 729 2244 declarat
775 2181 1112 2244 interesse
1143 2202 1284 2244 non
1317 2202 1526 2263 posse
1558 2182 1629 2245 in
1661 2192 1789 2244 ter·

153 2274 329 2335 mino
377 2292 644 2337 causae
687 2275 1090 2339 monasterii
1137 2276 1208 2337 S.
1253 2276 1438 2339 Sixti
1497 2286 1565 2339 et
1615 2276 1788 2339 Cre-

153 2366 618 2431 monensium.

156 2560 242 2618 66.
287 2590 374 2599 -
432 2574 620 2629 1220,
668 2552 756 2617 id.
805 2553 894 2617 id.

227 2690 820 2773 Archipresbiter
863 2690 1178 2755 Mutinae
1224 2703 1293 2755 et
1323 2692 1515 2775 prior
1547 2694 1630 2756 de
1662 2692 1786 2755 Co-

155 2784 502 2847 lumbario
567 2783 813 2847 dicunt
869 2805 946 2846 se
1004 2796 1287 2868 paratos
1341 2808 1495 2849 esse
1549 2786 1786 2849 audire

153 2878 434 2941 nuntios
465 2877 856 2941 Cremonae
903 2878 962 2940 si
997 2880 1402 2942 mandatum
1451 2882 1787 2943 ostendis-

151 2982 322 3047 sent;
369 2973 448 3035 hi
497 2981 774 3035 tantum
821 2972 1226 3035 dilationem
1269 2975 1619 3055 petebant.

151 3180 238 3254 67.
285 3213 370 3223 ——
429 3196 617 3250 1220,
673 3174 762 3239 id.
811 3174 901 3239 id.
945 3175 1050 3249 A,
1105 3182 1240 3241 108.
1295 3174 1500 3251 Affo,
1559 3178 1658 3241 St.
1720 3178 1796 3240 de'

238 3268 618 3335 Guastalla
663 3270 720 3345 I,
769 3274 913 3349 361.

225 3406 820 3491 Archipresbiter
857 3416 928 3471 et
955 3407 1148 3489 prior
1179 3408 1790 3472 excommunicant

151 3512 575 3583 potestatem
623 3511 693 3565 et
739 3500 1128 3576 consilium,
1176 3512 1246 3566 et
1291 3512 1508 3567 totam
1556 3502 1790 3567 civita-

153 3607 284 3658 tem
313 3595 718 3660 Cremonae
757 3605 1164 3678 supponunt
1193 3596 1588 3669 interdictO,
1619 3608 1788 3660 tam-

153 3711 354 3771 quam
405 3699 888 3759 contumaces,
921 3702 992 3751 et
1022 3690 1491 3754 condemnant
1531 3691 1620 3753 ad
1659 3693 1790 3754 sol-

153 3785 459 3847 vendum
521 3782 762 3847 abbati
807 3782 876 3846 S.
921 3784 1108 3847 Sixti
1163 3805 1236 3847 10
1278 3784 1492 3849 libras
1547 3785 1790 3867 imper.

153 3900 274 3961 pro
317 3876 670 3961 expensis
711 3876 935 3941 factis,

155 4090 242 4148 68.
287 4123 372 4131 —
431 4104 620 4157 1220,
652 4088 774 4147 oct.
830 4104 922 4155 12,
965 4084 1095 4156 IX,
1152 4085 1516 4149 Cremonae
1559 4084 1632 4147 in
1667 4092 1789 4171 pa-

229 4178 394 4242 latio
441 4177 764 4264 episcopi.
812 4176 904 4253 A,
961 4197 1097 4257 151,
1149 4198 1289 4257 244,
1340 4186 1480 4257 318.

229 4316 558 4379 Nuncius
602 4314 1079 4399 Pandecampi
1110 4328 1178 4377 et
1215 4314 1497 4377 Rustici
1541 4314 1792 4396 prioris

160 4411 268 4473 dat
311 4410 594 4473 litteras
638 4408 1063 4471 Homobono
1126 4408 1460 4489 episcopo
1518 4408 1791 4472 Cremo-

161 4504 368 4575 nensi,
417 4504 683 4585 quibus
745 4502 809 4564 ei
867 4502 1241 4583 iniungunt
1300 4514 1374 4564 ut
1426 4502 1791 4565 consilium

163 4610 222 4658 et
264 4605 696 4678 potestatem
743 4594 1390 4659 excommunicatos
1442 4608 1511 4657 et
1555 4595 1789 4659 civita·

167 4703 290 4753 tem
335 4702 410 4755 et
459 4690 802 4753 suburbia
848 4688 1214 4771 supposita
1259 4689 1624 4751 interdicto
1670 4710 1791 4771 pu-

163 4786 330 4849 blice
379 4784 776 4848 denuntiet.

165 4977 247 5049 69.
293 5012 370 5019 —-
436 4992 630 5044 1220,
679 4992 828 5036 nov.
897 4993 998 5047 12,
1060 4974 1206 5045 IX,
1286 4974 1653 5038 Cremonae
1719 4973 1790 5035 in

239 5067 548 5129 claustro
595 5065 873 5129 maioris
918 5066 1224 5129 ecclcsiae
1279 5074 1491 5152 super
1531 5067 1796 5151 ponlilo

239 5160 544 5224 eiusdem
591 5158 896 5223 claustri.
949 5160 1037 5232 A,
1095 5182 1228 5239 117,
1280 5182 1419 5241 245.

243 5298 446 5359 Prior
491 5296 581 5358 de
627 5294 1074 5360 Columbario
1132 5305 1202 5358 et
1259 5297 1797 5379 archipresbiter

169 5390 476 5453 Mutinae
523 5410 656 5470 per
687 5390 956 5452 litteras
993 5410 1168 5471 quas
1213 5410 1451 5455 eorum
1499 5392 1793 5455 nuncius

172 5485 278 5547 dat
319 5483 822 5549 archidiacono
867 5485 1320 5557 cremonensi,
1358 5486 1793 5569 praecipiunt

1890 2886 1984 2947 73.
2017 2904 2098 2913 ——
2153 2886 2331 2940 1220,
2359 2865 2489 2929 doc.
2530 2870 2619 2939 18,
2665 2864 2854 2939 VIII,
2886 2862 3227 2927 Alutinaess
3250 2862 3342 2939 A,
3378 2886 3511 2944 179.

3368 317 3497 402 ,71

1884 581 1949 645 ei
1978 592 2057 645 ut
2086 584 2419 646 observet
2462 592 2532 645 et
2567 581 2777 645 faciat
2814 582 3188 643 observare
3233 601 3509 643 excom-

1884 674 2427 739 municationem
2475 686 2542 739 et
2587 675 3052 738 interdictum.

1884 883 1984 944 70.
2017 902 2097 911 -
2152 886 2331 938 1220,
2364 865 2496 927 doc.
2534 886 2587 945 7,
2643 864 2830 936 VIII,
2864 862 3203 927 Mutinae.
3238 861 3330 935 A,
3371 883 3507 939 109.

1968 1002 2333 1076 RusticuS,
2378 1002 2569 1083 prior
2606 1002 2693 1064 de
2722 998 3186 1072 Columbari0‚
3234 998 3513 1079 delegat

1885 1096 2376 1176 Pandecampo
2446 1095 2637 1158 vices
2706 1115 2869 1157 suas
2939 1093 3011 1155 in
3076 1092 3512 1155 absolutione

1884 1188 2627 1252 excommunicationis
2651 1187 2972 1251 facienda
2995 1185 3345 1249 communi
3360 1184 3514 1248 Cre-

1885 1303 2133 1345 monae
2175 1295 2243 1345 et
2282 1302 2492 1363 super
2521 1280 2705 1344 facto
2752 1277 3347 1345 condemnationis
3392 1299 3509 1342 ex-

1884 1396 2284 1459 pensarum.

1883 1581 1966 1642 71.
2015 1599 2095 1609 —
2150 1582 2327 1635 1220,
2378 1562 2466 1625 id.
2516 1562 2603 1626 id.
2652 1561 2745 1636 A,
2802 1582 2938 1625 110.

1967 1700 2313 1763 Iohannes
2378 1699 2858 1763 Stradivertus
2884 1744 2899 1771 ‚
2974 1698 3285 1761 sindicus
3354 1698 3510 1761 Cre-

1885 1812 2152 1865 monae,
2200 1803 2271 1855 et
2314 1795 2534 1855 abbas
2593 1794 2663 1853 S.
2711 1791 2895 1855 sixti
2955 1791 3396 1854 consentiunt
3442 1792 3509 1854 in

1885 1886 2449 1967 Pandecampum
2496 1897 2572 1949 ut
2616 1885 2953 1967 procedat
3008 1885 3078 1947 in
3132 1904 3341 1948 causa
3382 1905 3510 1966 pro

1884 2000 1958 2043 se
2004 1991 2072 2042 ct
2115 1981 2347 2063 priore
2379 1982 2465 2042 de
2496 1979 2941 2043 Columbario
2986 1998 3199 2061 super
3244 1980 3511 2042 absolu-

1884 2075 2071 2137 tione
2119 2086 2187 2137 et
2232 2074 2809 2137 condemnatione
2854 2092 3343 2155 expensarum.

1887 2283 1979 2342 72.
2028 2301 2105 2307 ——
2164 2283 2339 2333 1220,
2388 2261 2517 2325 dcc,
2574 2283 2666 2339 14,
2724 2262 2913 2335 VIII,
2942 2260 3263 2323 ,natiuae
3306 2260 3379 2323 in
3410 2282 3503 2323 ec-

1969 2354 2171 2418 clesia
2213 2358 2283 2417 S.
2342 2355 2623 2419 Cataldz’.
2670 2355 2763 2429 A,
2820 2376 2954 2429 111,
3012 2376 3147 2433 194.

1968 2492 2501 2572 Pandecampus
2546 2490 2917 2554 confitetur
2960 2492 3151 2571 quod
3198 2512 3512 2573 expensa

1889 2585 2070 2649 facta
2137 2584 2507 2649 occasione
2565 2587 2909 2647 adventus
2966 2585 3016 2647 Ι.
3078 2585 3511 2654 Stradiverti,

1888 2679 2121 2742 nuncii
2152 2678 2551 2751 Cremonae,
2584 2678 2853 2741 fuerant
2902 2698 2968 2739 12
3008 2677 3229 2741 librae
3272 2678 3511 2758 imper.

1972 3002 2173 3065 Prior
2217 3002 2303 3065 de
2349 3000 2793 3065 Columbario
2838 3009 2908 3063 et
2951 2999 3516 3084 archipresbyter

1888 3096 2219 3169 Mutinae,
2267 3096 2421 3159 visa
2466 3094 2902 3159 contumacia
2945 3103 3015 3157 et
3058 3094 3511 3175 protervitate

1890 3190 2204 3254 comunis
2247 3190 2649 3262 Cremonae,
2696 3188 3145 3272 pronuntiant
3190 3188 3511 3252 abbatem

1888 3285 1958 3348 S.
2005 3282 2190 3346 sixti
2234 3284 2649 3346 mittendum
2692 3302 2849 3345 esse
2893 3282 2964 3344 in
2994 3280 3511 3363 possessionem

1888 3376 2289 3440 Guastallae
2326 3386 2396 3439 et
2422 3377 2779 3451 Luzariae,
2808 3386 2877 3439 et
2901 3376 3219 3439 nuntium
3253 3374 3317 3439 ei
3348 3376 3517 3441 dant

1890 3472 1979 3535 ad
2020 3472 2158 3535 hoc
2204 3472 2719 3553 exequendum.

1957 3658 1999 3720 †
2038 3656 2104 3709 In
2142 3655 2349 3710 Christi
2388 3656 2639 3709 nomine.
2670 3657 2845 3709 Anno
2878 3674 2913 3709 a
2943 3656 3236 3710 nativitate
3258 3656 3516 3710 eiusdem

1892 3732 2198 3787 millesimo
2223 3733 2622 3787 ducentesimo
2640 3733 2940 3799 vigesimO,
2962 3733 3272 3797 indictione
3296 3742 3517 3795 octava,

1890 3810 1986 3863 die
2021 3810 2247 3863 veneris
2281 3809 2717 3877 decimoquarto
2753 3818 3001 3863 exeunte
3036 3810 3363 3865 decembre.

1963 3889 2087 3940 Nos
2126 3886 2393 3940 Rusticus
2429 3887 2583 3954 prior
2626 3885 2701 3939 de
2748 3886 3147 3951 Columbari0,
3192 3896 3250 3941 et
3295 3887 3518 3940 Pande—

1890 3980 2133 4030 campus
2168 3964 2507 4019 mutinensis
2541 3962 2997 4029 archipresbiter,
3026 3962 3243 4017 iudices
3272 3963 3515 4029 delegati

1890 4058 1927 4094 a
1961 4039 2201 4094 domino
2240 4042 2411 4107 Papa,
2450 4048 2681 4105 recepta
2715 4038 3049 4094 litteratoria
3082 4040 3449 4095 excusatione
3484 4056 3519 4092 a

1891 4116 2133 4171 domino
2168 4116 2375 4170 abbate
2412 4116 2590 4169 sancti
2623 4116 2913 4170 Benedicti
2938 4132 3111 4184 supra
3141 4115 3359 4170 Padum
3386 4132 3519 4168 con-

1891 4193 2081 4247 iudice
2118 4201 2316 4247 nostro
2352 4192 2511 4260 quod
2548 4194 2825 4247 interesse
2872 4210 2989 4246 non
3026 4200 3269 4260 poterat,
3307 4192 3427 4246 visa
3462 4202 3517 4244 et

1892 4271 2121 4336 cognita
2155 4269 2509 4325 contumatia
2543 4279 2602 4324 et
2647 4270 3014 4336 protervitate
3059 4267 3356 4335 potestatis
3387 4270 3519 4322 Crt-

1837 4354 1844 4447 Ι
1894 4346 2260 4399 monensium
2297 4356 2356 4399 et
2391 4346 2837 4411 communitatiS,
2878 4346 2978 4413 qui
3014 4346 3266 4413 quadam
3292 4346 3520 4399 simulc-

1893 4423 2051 4475 tione
2088 4422 2415 4477 dolositatis
2448 4423 2863 4477 simulaverunt
2898 4440 2959 4477 se
2996 4424 3141 4476 velle
3178 4423 3285 4476 iuri
3321 4440 3519 4491 parere

1895 4500 2187 4553 mittentes
2234 4500 2518 4553 sindicum
2554 4516 2684 4552 cum
2735 4500 2966 4567 publico
3016 4499 3395 4554 instrumento
3430 4501 3517 4554 sui

1839 4598 1844 4607 ·
1893 4577 2227 4637 sindicatuS‚
2260 4577 2645 4643 postulantem
2672 4576 3095 4630 absolutionem
3123 4576 3519 4631 excomunica-

1839 4650 1844 4734 Ι
1894 4653 2064 4709 tionis
2078 4662 2136 4707 et
2158 4653 2443 4706 interdicti
2470 4669 2574 4720 pro
2589 4654 2951 4707 cremonensi
2978 4662 3261 4721 potestate
3285 4662 3342 4707 et
3366 4670 3520 4707 com-

1894 4731 2075 4793 muni,
2111 4729 2345 4784 tandem
2393 4730 2585 4785 habita
2621 4730 3034 4785 deliberatione
3070 4740 3127 4785 et
3170 4731 3519 4797 prudentum

1893 4809 2144 4861 virorum
2182 4806 2441 4869 consili0,
2481 4824 2630 4861 unus
2665 4817 2925 4862 nostrum
2963 4808 3037 4860 de
3072 4823 3353 4860 consensu
3386 4807 3520 4859 alio-

1893 4901 2023 4939 rum
2046 4885 2282 4939 accessit
2304 4883 2377 4937 ad
2403 4884 2690 4939 civitatem
2715 4886 3004 4938 Cremone
3037 4900 3109 4938 eo
3134 4884 3292 4951 quod
3328 4900 3522 4938 comc-

1894 4962 2024 5016 dius
2059 4961 2362 5016 videbatur
2398 4978 2502 5027 per
2526 4978 2661 5015 eum
2690 4977 2861 5028 posse
2898 4961 3203 5027 negocium
3241 4960 3517 5028 expediri.

1895 5041 2165 5106 Cumque
2201 5047 2421 5105 peteret
2456 5056 2491 5091 a
2514 5048 2799 5105 potestate
2834 5048 2891 5091 et
2926 5039 3051 5091 eius
3078 5037 3411 5091 consiliariis
3448 5038 3521 5089 de

1895 5118 2073 5169 bitam
2111 5116 2555 5170 satisfactionem
2588 5116 2824 5177 exiberi,
2849 5115 2985 5168 dicti
3023 5124 3274 5181 potestas
3308 5122 3365 5165 et
3389 5131 3522 5166 αη-

1895 5194 2085 5246 siliarii
2133 5194 2187 5246 in
2233 5210 2337 5246 sua
2382 5192 2747 5258 protervitate
2792 5200 3223 5257 perseverantes
3266 5191 3520 5244 debitam

1896 5270 2340 5324 satisfactionem
2376 5269 2699 5323 secundum
2736 5270 2976 5321 sormam
3016 5267 3253 5321 ecclesie
3288 5267 3520 5319 exibere

1844 5368 1850 5404 ι
1895 5356 2386 5413 contempserunt.
2414 5346 2565 5399 Visis
2592 5345 2763 5411 igitur
2796 5354 2854 5399 et
2880 5344 3179 5398 intellectis
3210 5344 3523 5397 rationibus

1897 5423 2305 5491 predictorum,
2334 5423 2646 5489 habitoque
2679 5438 2853 5489 super
2877 5423 2987 5475 hoc
3011 5422 3359 5487 prudentum
3386 5436 3521 5473 con-

1895 5501 2057 5555 scilio
2092 5510 2151 5555 et
2199 5502 2334 5568 quia
2384 5500 2660 5568 agebatur
2696 5498 2831 5553 reali
2868 5508 2925 5553 et
2970 5498 3253 5565 personali
3298 5497 3522 5552 actione
