4050 6109
1057 311 1228 360 LITE
1272 313 1418 362 CON
1465 313 1750 364 BONINO
1796 313 2319 366 MOMMOLERIO
2364 317 2440 365 D1
2490 318 2661 367 ASTI
3424 328 3529 370 111

159 563 226 616 et
255 554 598 619 consules
643 566 716 621 et
753 555 1121 620 consilium
1158 561 1588 640 respondent
1618 561 1810 642 quod

157 647 386 728 parati
432 659 640 713 erant
686 670 1109 733 componere
1153 662 1224 716 et
1268 654 1458 734 quod
1503 673 1642 716 non
1687 655 1806 716 ha-

157 743 420 806 bebant
467 743 743 827 aliquid
789 746 876 808 de
922 745 1422 810 instrumentis,

151 970 234 1028 81.
279 1002 372 1012 -
427 987 614 1046 1229,
661 973 815 1052 apr.
874 990 926 1040 1,
971 969 1066 1044 II,
1116 967 1512 1045 Alediolani,
1559 968 1632 1032 in
1676 975 1799 1054 pa-

233 1059 408 1122 latio
455 1059 967 1146 archiepiscopi.

235 1195 486 1260 Adam
517 1196 818 1261 Galassa
851 1217 927 1260 se
972 1207 1448 1280 repraesentat
1493 1208 1656 1264 ante
1702 1199 1803 1262 vi-

151 1290 426 1352 carium
487 1291 1010 1373 archiepiscopi
1075 1293 1380 1374 petendo
1442 1294 1530 1356 de
1587 1292 1806 1355 cardi-

151 1383 392 1459 dinali,
431 1396 507 1447 et
553 1385 862 1450 vicarius
907 1387 1288 1468 respondet
1331 1387 1523 1470 quod
1579 1386 1805 1450 iverat

153 1477 619 1560 Bergomum.

147 1705 240 1763 82.
289 1737 375 1747 ——
436 1722 623 1780 1229,
670 1707 822 1786 apr.
870 1722 927 1774 2,
976 1702 1067 1773 ΙΙ,
1102 1701 1176 1765 in
1212 1700 1474 1786 palatio
1513 1701 1810 1787 episcopi

231 1795 732 1880 bergomensis.

229 1929 480 1992 Adam
550 1929 849 1994 Galassa
891 1953 968 1996 se
1011 1941 1496 2014 repraesentat
1559 1952 1802 1997 coram

147 2023 522 2087 cardinali.

142 2254 238 2327 83.
289 2285 380 2296 --
439 2271 624 2329 1229,
671 2255 820 2334 apr.
867 2253 926 2323 6,
974 2250 1069 2324 II,
1118 2248 1192 2314 in
1225 2249 1488 2334 palatio
1519 2247 1812 2334 episcopi

219 2343 740 2428 pergamensis.

227 2498 641 2562 Cardinalis
687 2499 933 2562 statuit
995 2499 1370 2570 ,terminum
1419 2498 1624 2560 Adae
1667 2495 1802 2560 Ga-

143 2593 384 2655 lassae
461 2591 799 2656 veniendi
873 2594 964 2656 ad
1035 2592 1502 2674 praesentiam
1585 2611 1802 2666 suam,

143 2687 610 2768 praecipiens
656 2707 746 2750 ne
804 2687 976 2770 quid
1031 2687 1102 2749 in
1157 2707 1370 2750 causa
1430 2686 1807 2750 innovetur

143 2779 300 2842 sine
363 2781 740 2844 voluntate
799 2802 946 2853 sua,
993 2790 1064 2843 et
1120 2781 1312 2863 quod
1363 2779 1677 2843 Boninus
1735 2789 1806 2843 et

143 2873 326 2938 socii
403 2874 560 2938 eius
627 2875 698 2937 in
767 2877 1000 2938 eundo
1076 2884 1148 2939 et
1220 2875 1578 2938 redeundo
1645 2872 1804 2936 Cre·

141 2987 442 3031 monam
491 2971 723 3032 securi
769 2968 911 3032 sint
954 2967 1024 3032 in
1069 2988 1374 3052 persona
1417 2977 1487 3031 et
1531 2970 1760 3031 rebus,

135 3211 236 3286 84.
287 3245 382 3252 —
443 3227 626 3285 1229,
719 3203 808 3269 id.
899 3204 988 3268 ia'.

223 3359 639 3424 Cardinalis
721 3369 1152 3442 protestatur
1233 3360 1424 3442 quod
1495 3359 1806 3424 sindicus

138 3455 350 3520 venit
401 3453 752 3518 mandatis
797 3453 946 3518 suis
979 3453 1048 3516 in
1094 3454 1393 3518 termino
1439 3463 1720 3518 statuto,

133 3701 230 3777 85.
283 3735 382 3742 —
441 3715 622 3774 1229,
670 3699 820 3778 apr.
873 3713 929 3773 7,
980 3691 1322 3776 Pergami.

221 3851 630 3916 (iuifredus
667 3852 950 3932 legatus
997 3851 1280 3912 mandat
1311 3847 1649 3913 canonico
1683 3848 1806 3910 Al-

141 3947 342 4030 gisio
439 3944 890 4027 pergamensi
988 3943 1315 4026 quatinus
1393 3942 1807 4006 Cremonam

137 4045 388 4112 adeat,
433 4051 656 4103 testes
699 4039 960 4113 audiat,
999 4047 1071 4100 et
1113 4037 1489 4101 terminum
1534 4036 1808 4099 Bonino

143 4147 210 4198 et
251 4131 630 4198 communi
673 4141 939 4197 statuat
983 4151 1126 4214 quo
1171 4151 1406 4196 coram
1453 4151 1537 4194 eo
1583 4149 1660 4193 se
1704 4149 1806 4193 re-

141 4236 634 4312 praesentent.

145 4473 244 4532 86.
295 4499 390 4520 ν-
446 4485 629 4546 1229,
677 4464 857 4528 mad.
891 4467 950 4540 6,
981 4465 1080 4540 II,
1112 4463 1187 4529 in
1225 4485 1492 4528 camera
1521 4461 1815 4548 episcopi

219 4557 742 4646 pergamensis.

231 4713 636 4782 Guifredus
703 4713 1081 4778 cardinalis
1133 4713 1377 4777 statuit
1437 4711 1806 4776 terminum

149 4809 435 4874 sindico
479 4808 866 4874 Cremonae
897 4808 990 4871 ad
1017 4828 1091 4871 se
1121 4806 1806 4889 repraesentandum.

151 5055 249 5128 87.
299 5085 386 5095 —-
431 5067 617 5126 1229,
651 5043 831 5150 rnad.
863 5049 964 5119 26,
996 5045 1093 5118 ΙΙ,
1127 5043 1202 5108 in
1221 5041 1485 5129 palatio
1519 5041 1815 5128 episcopi

235 5160 732 5206 cremonensis.

235 5297 584 5362 Sindicus
677 5293 1072 5358 communis
1166 5314 1241 5357 se
1331 5302 1808 5375 repraesentat

155 5412 398 5455 coram
457 5387 814 5454 Landulfo
861 5387 1180 5452 auditore
1225 5385 1544 5452 Guifredi
1587 5386 1806 5451 cardi-

153 5487 362 5550 nalis.

1906 563 2004 622 88.
2050 597 2133 606 —-
2186 579 2365 639 1229,
2456 559 2547 624 id.
2637 559 2725 624 id.

1993 694 2323 760 Sindicus
2346 718 2423 760 se
2448 711 2923 780 repraesentat
2947 720 3179 764 coram
3195 699 3535 767 Guifredo

1905 809 2037 871 pro
2080 791 2341 871 placito
2387 792 2659 856 Bonini.

1905 989 2000 1074 89.
2050 1031 2131 1042 —-
2172 1017 2351 1076 1229,
2386 997 2560 1060 mad.
2595 1005 2693 1074 28,
2728 999 2819 1072 ΙΙ,
2852 999 2924 1062 in
2950 999 3213 1084 palatio
3246 999 3539 1086 episcopi

1997 1089 2383 1154 Cremonae.

1989 1226 2224 1290 Adam
2270 1227 2567 1292 Galassa
2608 1230 2786 1311 petit
2829 1229 3255 1292 auditionem
3302 1250 3344 1293 3
3388 1251 3533 1294 car·

1906 1320 2140 1395 dinali,
2208 1323 2334 1385 sed
2390 1341 2805 1404 responsum
2861 1322 2925 1385 ei
2979 1333 3087 1386 est
3144 1324 3337 1406 quod
3394 1344 3535 1388 non

1905 1424 2183 1495 poterat
2226 1415 2326 1479 ire
2373 1436 2607 1479 coram
2654 1436 2759 1481 e0.

1904 1621 2003 1680 90.
2053 1641 2133 1649 -
2188 1624 2365 1683 1229,
2414 1603 2589 1666 mad.
2639 1626 2737 1682 31,
2776 1603 2840 1667 α’.
2888 1603 3226 1670 ⁴ll‘ectinae.

1989 1739 2367 1804 Guifredus
2413 1741 2781 1805 cardinalis
2816 1743 3159 1828 praecipit
3194 1745 3535 1827 magistro

1907 1833 2240 1916 Alghisio
2313 1836 2648 1898 canonico
2717 1838 3047 1918 quatinus
3125 1837 3535 1902 Cremonam

1904 1929 2245 1992 accedens
2292 1931 2639 1992 communi
2680 1931 3042 1994 denuntiet
3076 1940 3150 1993 ut
3192 1933 3539 2013 producat

1903 2024 2405 2095 attestatione5‚
2472 2023 2839 2106 eidemque
2912 2037 2981 2086 et
3059 2025 3331 2088 Bonino
3403 2036 3536 2089 ter-

1905 2116 2169 2180 minum
2216 2127 2475 2181 statuat
2520 2127 2597 2180 ut
2642 2137 2876 2182 coram
2922 2139 2999 2180 se
3046 2118 3350 2181 veniant.

1902 2341 1988 2400 91.
2034 2359 2115 2370 -—
2172 2344 2347 2404 1229,
2396 2323 2541 2386 iun.
2604 2329 2661 2396 6,
2720 2324 2813 2396 Il,
2866 2327 3250 2400 Cremonae,
3299 2324 3372 2388 in
3438 2346 3533 2390 ec-

1987 2415 2189 2480 clesia
2234 2416 2496 2480 maiori.

1987 2548 2313 2632 Algisius
2357 2550 2445 2612 de
2476 2550 2791 2614 Roxiate
2833 2553 2954 2613 dat
2987 2551 3257 2616 sindico
3304 2549 3535 2614 termi-

1901 2663 2069 2706 num
2103 2643 2649 2724 peremptorium
2695 2645 3265 2726 repraesentandi
3299 2665 3536 2708 coram

1905 2735 2284 2808 cardinali,
2374 2757 2589 2819 quum
2663 2748 3056 2802 recusasset
3146 2739 3539 2820 producere

1904 2841 2141 2895 testes.

1905 3042 2000 3101 92.
2052 3057 2121 3070 -
2182 3042 2360 3102 1229,
2397 3021 2539 3086 iun.
2578 3043 2675 3095 22,
2707 3023 2805 3095 ΙΙ,
2838 3020 2911 3086 in
2948 3021 3211 3106 palatio
3248 3021 3542 3108 episcopi

1993 3119 2374 3184 mantuani.

1992 3275 2229 3340 Adam
2282 3275 2599 3340 Gallassa
2654 3286 3084 3358 protestatur
3150 3276 3343 3358 quod
3398 3293 3537 3337 non

1906 3372 2139 3451 placet
2183 3369 2318 3434 sibi
2384 3371 2575 3452 quod
2635 3369 3021 3434 Landulfus
3086 3369 3421 3452 procedat
3464 3368 3537 3430 in

1906 3485 2136 3538 causa,
2211 3464 2349 3527 imo
2422 3463 2837 3528 contradicit
2897 3475 3189 3546 propter
3260 3472 3538 3543 tempus

1905 3558 2229 3622 feriatum
2276 3557 2467 3641 quod
2510 3571 2635 3622 est.

1903 3764 2000 3824 93.
2045 3782 2132 3794 —
2184 3767 2363 3824 1229,
2410 3746 2555 3809 iun.
2605 3745 2831 3829 (sensa
2874 3745 3086 3830 data).

1989 3883 2336 3968 Magister
2420 3883 2807 3948 Landulfus
2906 3885 3249 3968 praecipit
3348 3887 3538 3968 quod

1905 3977 2143 4061 aliqua
2196 3991 2387 4041 carta
2429 3979 2544 4041 vel
2610 3977 3147 4042 instrumentum
3214 3998 3353 4041 non
3418 3977 3540 4042 fiat

1907 4092 2037 4136 nec
2084 4073 2395 4136 tradatur
2439 4071 2573 4136 nisi
2617 4091 2747 4154 per
2770 4071 3140 4138 Oddonem
3172 4073 3535 4137 notarium.

1905 4279 2003 4340 94.
2054 4297 2129 4308 -
2188 4281 2366 4341 1229,
2398 4260 2544 4324 iun.
2580 4265 2679 4332 28,
2717 4261 2811 4334 ΙΙ,
2850 4258 2925 4323 in
2958 4258 3221 4344 palatio
3252 4257 3545 4344 episcopi

2018 4354 2441 4420 Veronensis.
2516 4353 2788 4428 Ficker‚
2849 4359 2954 4438 op.
3020 4351 3149 4425 cit„
3220 4372 3361 4432 359,
3414 4373 3536 4416 con

1991 4447 2156 4513 data
2190 4471 2268 4529 29
2304 4449 2589 4535 giugno.

1996 4587 2231 4650 Adam
2262 4585 2559 4652 Galassa
2586 4586 2657 4650 in
2679 4585 3081 4670 praesentia
3104 4583 3425 4650 Landulfi
3450 4585 3537 4647 de

1905 4681 2245 4753 Posterla,
2286 4679 2626 4762 capellani
2671 4678 3065 4752 cardinaliS,
3110 4687 3539 4762 protestatur

1906 4777 2097 4858 quod
2142 4795 2282 4837 non
2326 4775 2580 4838 debeat
2622 4772 2804 4837 ferre
2849 4773 3286 4850 sententiam,
3322 4792 3537 4855 quum

1905 4879 2185 4952 tempus
2228 4867 2546 4932 feriatum
2596 4865 2705 4930 sit.

1905 5075 2002 5138 95.
2056 5091 2125 5104 —-
2185 5074 2362 5134 1229,
2451 5052 2541 5117 id.
2630 5051 2719 5116 id.

1992 5193 2319 5258 Sindicus
2380 5191 2567 5282 dicit,
2622 5212 2837 5275 quum
2896 5191 3281 5256 Landulfus
3325 5191 3537 5256 vellet

1907 5293 2215 5376 incipere
2288 5290 2729 5364 sententiare,
2799 5291 2989 5373 quod
3060 5290 3345 5354 nolebat
3408 5309 3538 5354 nec

1907 5389 2211 5451 debebat
2278 5397 2445 5450 tunc
2532 5405 2687 5448 esse
2760 5385 2831 5448 in
2904 5381 3164 5448 iudicio
3252 5392 3540 5466 propter

1907 5493 2185 5563 tempus
2229 5480 2577 5544 feriarum.
