4050 6109
538 298 614 355 28

535 428 559 437 ¹-
992 438 1283 445 --——-——-—
1305 438 1587 445 —ssss-
1626 440 1761 445 m.-
1792 440 1827 445 --

531 554 652 622 puli
685 571 794 608 nec
829 555 1002 609 etiam
1037 555 1305 608 consules
1333 564 1392 609 et
1415 556 1636 609 anziani
1665 572 1780 608 non
1819 556 2029 610 saciant
2052 572 2159 609 nec
2204 595 2209 612 .

531 632 652 685 fieri
689 634 1022 700 permittant
1055 633 1306 699 aliquam
1343 642 1674 699 propostam
1713 634 1768 685 in
1805 634 2002 700 aliquo
2025 650 2159 685 con-

529 708 658 762 silio
693 709 946 775 generali
999 710 1198 775 populi
1252 726 1352 761 seu
1410 711 1586 775 partis
1637 720 1836 763 contra
1877 712 2154 777 predicta,

529 802 634 839 nec
670 786 998 852 permittere
1035 786 1286 853 aliquem
1321 796 1604 839 attentare
1645 796 1846 840 contra
1895 788 2153 853 predicta

529 863 619 915 vel
656 862 714 915 in
751 862 952 916 fraude
987 862 1398 929 predictorum.
1441 864 1511 916 Et
1547 864 1590 916 si
1631 864 1770 929 quid
1807 874 2006 917 contra
2032 880 2157 929 pre—

529 939 683 993 dicta
719 939 888 993 fuerit
923 940 1135 992 factum
1171 956 1274 991 seu
1313 940 1682 993 reformatum
1723 940 1848 1006 ipso
1885 942 2006 993 iure
2036 941 2153 993 nul·

527 1016 638 1069 lius
673 1017 746 1069 sit
781 1018 1080 1070 momenti.
1122 1018 1194 1069 Et
1227 1017 1596 1070 nihilominus
1633 1018 1876 1071 vicarius
1913 1027 1970 1071 et
2003 1018 2153 1083 capi-

527 1102 732 1147 taneus
767 1110 869 1147 seu
893 1110 1096 1147 eorum
1123 1093 1360 1153 iudices,
1389 1095 1486 1160 qui
1515 1095 1820 1160 praedictis
1858 1104 2155 1160 presentes

527 1169 755 1233 suerint,
793 1171 1253 1223 condemnentur
1307 1172 1362 1223 in
1408 1180 1639 1223 centum
1679 1172 1835 1223 libris
1873 1173 2008 1238 imp.
2050 1188 2155 1238 pro

526 1247 787 1313 quolibet
823 1263 1044 1300 eorum.
1087 1249 1159 1300 Et
1209 1248 1308 1314 qui
1362 1248 1726 1301 attentaverit
1778 1258 1977 1302 contra
2019 1265 2155 1314 pre-

524 1322 678 1376 dicta
714 1324 770 1376 in
806 1324 1226 1395 quinquaginta
1263 1325 1420 1375 libris
1457 1325 1592 1390 imp.
1631 1326 1703 1377 Et
1725 1327 1834 1377 hoc
1873 1334 2151 1379 statutum

521 1400 594 1453 sit
627 1401 934 1453 trunchum
971 1409 1029 1453 et
1061 1402 1348 1466 precisum
1407 1410 1464 1453 et
1519 1402 1782 1454 ultimum
1821 1412 1878 1455 et
1914 1404 2155 1468 deroga—

519 1477 730 1530 torium
765 1477 1038 1530 omnibus
1091 1477 1216 1530 aliis
1267 1478 1494 1531 statutis
1555 1478 1611 1530 in
1668 1480 2017 1532 contrarium
2065 1480 2153 1532 lo—

526 1554 857 1620 quentibuS.

1313 1778 1364 1828 5.

717 1897 884 1965 Quod
911 1901 1146 1953 societas
1171 1901 1374 1967 populi
1405 1902 1636 1967 antiqua
1671 1902 1746 1953 sit
1769 1902 1975 1967 firma.

595 2052 740 2108 Item
777 2056 986 2109 eodem
1024 2056 1328 2109 millesimo
1365 2056 1676 2110 indictione
1711 2066 1768 2109 et
1807 2075 2004 2111 mense
2040 2067 2151 2111 sta-

528 2136 717 2184 tutum
754 2140 812 2185 et
846 2133 1174 2185 ordinatum
1212 2143 1316 2195 est,
1355 2134 1516 2200 quod
1552 2135 1796 2187 societas
1831 2136 2031 2200 populi
2052 2153 2150 2189 an-

525 2208 686 2275 tiqua
722 2208 888 2263 firma
920 2210 1008 2263 sit.
1047 2211 1122 2262 Et
1155 2226 1359 2263 omnes
1397 2211 1472 2263 illi
1509 2220 1568 2263 et
1591 2211 1798 2276 singuli
1823 2212 1922 2278 qui
1949 2229 2151 2265 secun-

524 2284 665 2337 dum
699 2286 943 2339 sormam
991 2287 1316 2353 aliquorum
1365 2296 1708 2341 statutorum
1753 2288 1950 2353 populi
1986 2299 2149 2343 erant

524 2378 626 2415 seu
663 2378 792 2416 esse
836 2363 1300 2429 intelligebantur
1351 2364 1425 2415 de
1473 2364 1626 2417 dicta
1672 2365 1965 2425 societate,
2019 2382 2148 2419 esse

523 2438 910 2506 intelligantur
945 2440 1020 2493 de
1056 2457 1144 2493 ea.
1187 2442 1260 2493 Et
1294 2441 1602 2505 privilegiis
1639 2441 1825 2493 dictae
1861 2443 2149 2495 societatis

525 2516 778 2570 debeant
812 2517 914 2569 uti.
972 2518 1043 2569 Et
1079 2518 1274 2569 omnia
1327 2526 1538 2570 statuta
1584 2518 1694 2571 alia
1749 2518 2045 2584 loquentia
2091 2520 2145 2573 in

525 2592 782 2646 savorem
829 2594 1016 2647 dictae
1069 2594 1357 2647 societatis
1391 2601 1452 2647 et
1487 2611 1688 2647 eorum
1743 2596 1842 2661 qni
1896 2605 2031 2649 sunt
2072 2597 2147 2649 de

527 2670 913 2737 suprascripta
947 2670 1221 2724 societate
1259 2672 1564 2723 vendicent
1597 2672 1704 2723 sibi
1741 2672 1930 2725 locum
1969 2683 2027 2726 et
2050 2674 2147 2726 de·

527 2745 700 2799 beant
735 2747 1048 2807 observari,
1075 2747 1398 2801 dummodo
1422 2749 1580 2814 quod
1607 2756 1818 2801 statuta
1853 2749 2147 2815 loquentia

524 2821 600 2875 de
635 2824 1004 2890 possessione
1039 2824 1270 2877 turbata
1303 2840 1420 2877 non
1455 2825 1709 2878 debeant
1754 2827 2045 2881 observari
2090 2829 2143 2880 in

526 2899 762 2966 aliqu0.·

1313 3108 1367 3160 6.

529 3241 792 3309 Qualiter
831 3244 1034 3297 subiici
1080 3243 1314 3295 debeant
1361 3244 1656 3295 tormentis
1707 3244 1982 3309 inculpati
2030 3245 2147 3295 tra-

543 3362 556 3375 .
591 3324 750 3374 ctare
781 3322 980 3373 contra
1038 3322 1310 3372 honorem
1345 3322 1404 3371 et
1430 3322 1698 3372 statutum
1752 3321 2063 3371 communis
2095 3323 2153 3372 et

583 3399 788 3465 populi
823 3398 1152 3449 Cremonae.

591 3548 736 3605 Item
775 3550 983 3603 eodem
1021 3549 1325 3603 millesimo
1361 3549 1673 3602 indictione
1703 3558 1759 3603 et
1798 3566 1996 3603 mense
2034 3558 2143 3603 sta-

521 3634 709 3682 tutum
745 3636 804 3681 et
838 3628 1166 3681 ordinatum
1205 3635 1312 3689 est,
1351 3628 1510 3693 quod
1547 3628 1740 3692 aliqua
1777 3644 2023 3692 persona
2048 3644 2144 3679 cu-

521 3702 864 3772 iuscumque
899 3713 1080 3757 status
1117 3712 1174 3757 et
1198 3704 1542 3757 conditionis
1567 3705 1790 3765 existat,
1819 3718 1969 3770 quae
1994 3714 2145 3757 esset

521 3782 578 3834 in
615 3782 782 3836 sortia
818 3783 1143 3835 communis
1180 3782 1502 3833 Cremonae
1538 3782 1840 3833 occasione
1864 3782 2021 3847 quod
2048 3782 2144 3833 de-

521 3859 737 3912 buisset
771 3860 989 3926 aliquid
1027 3867 1298 3911 tractasse
1333 3858 1546 3910 dixisse
1571 3859 1658 3910 vel
1685 3858 1884 3910 fecisse
1917 3859 2144 3923 publice

521 3936 610 3988 vel
647 3937 910 4003 privatim
947 3936 1105 4003 quod
1131 3944 1285 3987 esset
1309 3943 1506 3987 contra
1533 3936 1812 3987 honorem
1840 3944 1894 3988 et
1921 3937 2139 3988 bonum

520 4020 732 4067 statum
783 4013 1110 4066 communis
1165 4020 1222 4064 et
1271 4012 1467 4077 populi
1523 4014 1844 4065 Cremonae
1880 4023 1936 4066 et
1969 4013 2144 4080 partis

519 4089 794 4142 ecclesiae
829 4090 903 4142 de
939 4090 1228 4142 Cremona
1287 4088 1375 4140 vel
1420 4089 1592 4141 etiam
1629 4098 1826 4142 contra
1863 4092 2141 4142 honorem

519 4166 654 4219 dicti
691 4166 914 4219 domini
949 4167 1127 4220 nostri
1169 4166 1362 4231 RegiS,
1403 4166 1579 4217 modo
1604 4166 1798 4232 aliquo
1823 4182 1938 4218 non
1963 4168 2143 4233 possit

519 4244 852 4297 tormentari
877 4259 979 4295 seu
1005 4242 1207 4295 subiici
1234 4242 1650 4309 questionibus,
1690 4243 1796 4294 nisi
1833 4243 1989 4308 prius
2011 4260 2144 4297 con-

517 4320 733 4373 vocatis
768 4320 1018 4373 dominis
1053 4320 1353 4385 capitaneo
1389 4319 1606 4385 populi,
1632 4318 1778 4372 etad
1801 4320 1989 4372 minus
2028 4336 2143 4372 uno

519 4414 592 4450 ex
626 4397 962 4450 consulibus
1014 4406 1072 4449 et
1121 4412 1239 4448 uno
1293 4412 1363 4447 ex
1409 4396 1659 4448 anzianis
1695 4396 1911 4461 populi,
1951 4406 2008 4449 et
2042 4398 2143 4449 do-

519 4473 677 4527 mino
712 4482 1041 4537 executore,
1093 4480 1150 4526 et
1203 4490 1321 4525 uno
1376 4488 1445 4524 ex
1490 4472 1821 4525 consulibus
1857 4474 2142 4526 infrascri-

515 4558 747 4616 ptorum
783 4550 1159 4617 collegiorum
1202 4549 1475 4611 iudicum,
1517 4549 1866 4602 notariorum
1904 4561 1962 4604 et
1998 4568 2142 4604 mer—

514 4628 832 4681 catandiae.
874 4628 947 4681 Et
981 4628 1121 4693 ipsis
1157 4627 1484 4679 convocatis
1511 4626 1564 4677 in
1593 4642 1792 4680 eorum
1821 4628 2141 4693 praesentia

513 4720 618 4769 per
640 4704 857 4756 dictum
884 4704 1185 4756 dominum
1211 4703 1484 4755 vicarium
1513 4703 1912 4756 examinentur
1938 4720 2140 4757 omnes

515 4795 821 4845 processus
855 4789 915 4834 et
950 4780 1161 4833 indicia
1196 4780 1324 4832 sacti
1364 4788 1420 4831 ct
1456 4779 1650 4833 habita
1689 4787 1886 4833 contra
1929 4781 2137 4846 ipsum.

518 4858 591 4910 Et
625 4858 944 4910 secundum
973 4857 1130 4924 quod
1157 4856 1235 4909 ibi
1261 4856 1638 4908 deliberatum
1667 4856 1834 4909 fuerit
1859 4874 1962 4923 per
1987 4860 2139 4923 ipsos

517 4934 574 4986 in
609 4942 780 4987 antea
817 4934 1180 5000 procedatur.
1221 4935 1294 4987 Et
1329 4933 1373 4985 si
1413 4948 1514 4998 per
1540 4934 1695 4998 ipsos
1723 4933 1891 4986 fuerit
1926 4934 2140 4987 delibe-

514 5018 702 5063 ratum
739 5010 814 5063 de
867 5010 1273 5063 tormentando
1325 5010 1482 5061 illum
1539 5010 1710 5063 talem
1765 5010 2135 5076 inculpatum,

514 5086 674 5154 quod
711 5087 832 5154 ipse
885 5086 1096 5140 debeat
1150 5087 1480 5140 tormentari
1536 5086 1592 5138 in
1632 5088 1917 5151 presentia
1953 5090 2138 5154 predi-

515 5174 740 5217 ctorum
793 5164 1162 5217 dominorum
1212 5164 1423 5226 vicarii,
1476 5163 1780 5229 capitanei,
1837 5166 2136 5219 consulum

513 5248 572 5293 et
607 5240 998 5303 anzianorum,
1054 5240 1392 5301 executoriS,
1433 5248 1490 5292 et
1527 5240 1848 5293 consulum.
1889 5244 1959 5294 Et
1993 5244 2137 5297 alius

513 5333 820 5383 processus
857 5334 971 5369 non
1007 5317 1192 5369 valeat
1216 5326 1274 5369 et
1297 5317 1406 5368 hoc
1432 5326 1706 5369 statutum
1744 5318 1816 5370 sit
1849 5326 2135 5383 truncum,

515 5394 800 5459 precisum
856 5403 912 5448 et
961 5394 1224 5447 ultimum
1281 5402 1336 5447 et
1393 5393 1818 5457 derogatorium
1868 5397 2137 5449 omnibus

513 5472 638 5524 aliis
672 5473 899 5526 statutis
935 5470 1282 5525 contrarium
1319 5471 1711 5537 loquentibus,

1898 440 1909 445 -
1936 438 2268 446 ——-——-——..—..-
2297 440 2616 447 —-—-—-.—.

1545 309 1810 358 CODICE
1854 306 2375 357 DIPLOMAT'ICO
2416 308 2869 359 CREMONESE

2236 430 2396 437 —-—..⁴

2202 469 2210 588 1

3042 574 3093 623 7.

2256 680 2348 731 De
2372 681 2537 745 penis
2571 680 2933 733 detinentium
2966 684 3183 748 aliquos
3204 682 3303 734 sub
3326 684 3550 735 nomine
3590 680 3867 741 Cebalini,

2430 756 2545 808 nisi
2574 772 2668 809 eos
2702 760 3165 823 consignaverint
3192 759 3419 811 domino
3453 760 3690 812 vicaria

2322 874 2465 925 Item
2504 875 2709 927 eodem
2752 876 3055 928 millesimo
3094 876 3406 930 indictione
3442 885 3500 929 et
3538 892 3735 929 mense
3770 886 3871 929 sta-

2252 956 2439 1003 tutum
2476 960 2533 1005 et
2570 952 2897 1005 ordinatum
2936 962 3041 1015 est,
3081 954 3239 1019 quod
3278 954 3469 1021 aliqua
3506 968 3751 1019 persona
3780 971 3869 1005 cu-

2253 1026 2592 1095 iuscumque
2629 1030 2974 1082 conditionis
3000 1030 3205 1083 existat
3231 1047 3347 1083 non
3380 1030 3591 1082 audeat
3616 1046 3723 1081 nec
3752 1046 3867 1094 pre-

2252 1114 2441 1157 sumat
2476 1122 2579 1158 sua
2616 1107 2952 1159 auctoritate
2990 1107 3247 1161 detinere
3284 1109 3372 1159 vel
3411 1107 3653 1161 detineri
3693 1106 3869 1159 facere

2250 1180 2501 1247 aliquem
2555 1184 2970 1250 cuiuscumque
3012 1184 3359 1237 conditionis
3394 1184 3599 1237 existat
3634 1184 3742 1235 sub
3778 1200 3872 1234 no-

2250 1258 2406 1309 mine
2443 1260 2734 1320 Gubelini,
2792 1278 2897 1313 nec
2952 1262 3060 1313 sub
3114 1261 3311 1328 aliquo
3366 1261 3479 1314 alio
3521 1261 3734 1319 colore,
3772 1261 3867 1311 nisi

2252 1334 2623 1389 incontinenti
2684 1354 2817 1389 eum
2885 1338 3306 1401 consignaverit
3364 1338 3605 1391 domino
3669 1336 3871 1388 vicario

2250 1411 2335 1462 vel
2374 1412 2498 1465 eius
2534 1413 2800 1466 familiae.
2862 1416 2931 1467 Et
2974 1415 3019 1467 si
3056 1414 3263 1481 aliquis
3318 1414 3735 1473 contrafecerit,
3774 1429 3867 1483 seu

2249 1486 2547 1542 detentum
2586 1491 2642 1542 in
2680 1492 2857 1543 domo
2894 1508 3001 1543 suo
3038 1491 3124 1543 vel
3164 1493 3217 1543 in
3258 1492 3452 1558 aliquo
3489 1492 3601 1543 alio
3626 1492 3756 1543 loco
3780 1490 3871 1541 de-

2248 1564 2478 1619 tinuerit
2516 1568 2663 1620 ultra
2697 1584 2871 1619 unam
2909 1568 3085 1627 diem,
3130 1568 3401 1633 puniatur
3435 1577 3493 1620 et
3528 1567 3871 1621 condemne-

2248 1650 2340 1693 tur
2374 1660 2523 1708 pena
2559 1644 2761 1710 privati
2798 1644 3059 1697 carceris.
3088 1644 3159 1697 Et
3184 1646 3295 1697 hoc
3318 1654 3597 1698 statutum
3624 1644 3699 1697 sit
3721 1652 3872 1695 trun-

2247 1733 2398 1781 cum,
2433 1722 2739 1785 precisum,
2773 1721 3035 1774 ultimum
3060 1730 3120 1774 et
3143 1722 3575 1787 derogatorium
3600 1718 3868 1773 omnibus

2248 1798 2492 1850 statutis.

3034 1974 3086 2023 8.

2416 2090 2508 2141 De
2540 2088 2723 2155 baylia
2757 2106 2925 2156 quam
2960 2090 3164 2142 habent
3194 2091 3412 2143 domini
3444 2090 3699 2144 vicarius

2378 2168 2436 2217 et
2481 2169 2801 2233 capitaneus
2852 2174 3027 2234 super
3077 2167 3397 2220 concordiis
3424 2168 3736 2234 faciendis,

2312 2286 2459 2337 Item
2494 2286 2703 2339 eodem
2744 2287 3049 2339 millesimo
3086 2287 3399 2341 indictione
3435 2298 3492 2341 et
3530 2304 3737 2341 mense
3764 2298 3867 2341 sta-

2243 2370 2429 2414 tutum
2468 2372 2525 2415 et
2560 2364 2891 2416 ordinatum
2928 2374 3035 2425 est,
3076 2365 3235 2430 quod
3272 2365 3493 2417 domini
3532 2366 3783 2419 vicarius
3818 2376 3870 2417 et

2242 2439 2593 2503 capitaneus,
2628 2442 2895 2492 consules
2920 2450 2977 2492 et
3005 2442 3227 2493 anziani
3262 2450 3323 2493 et
3358 2442 3630 2494 dominus
3666 2458 3869 2493 execu-

2242 2524 2350 2577 tor,
2389 2518 2654 2569 consules
2706 2517 3079 2579 collegiorum
3122 2534 3254 2570 cum
3292 2519 3578 2583 prioribus
3614 2519 3867 2584 ipsorum

2242 2592 2615 2655 collegiorum
2650 2602 2709 2645 et
2744 2595 3127 2658 paraticorum
3164 2604 3469 2647 teneantur
3512 2604 3571 2647 et
3620 2595 3869 2647 debeant

2243 2685 2547 2733 procurare
2584 2670 2743 2735 quod
2792 2672 2839 2721 si
2894 2686 3045 2735 qnae
3080 2670 3402 2723 discordiae
3438 2672 3551 2724 sint
3590 2672 3743 2724 inter
3778 2674 3871 2723 ali-

2242 2760 2391 2811 quos
2425 2746 2666 2798 civitatis
2709 2748 3051 2809 Cremonae,
3090 2748 3191 2813 qui
3229 2748 3341 2800 sint
3378 2749 3453 2799 de
3490 2758 3652 2813 parte
3694 2750 3869 2800 eccle·

2242 2822 2378 2884 siae,
2418 2822 2492 2873 ad
2512 2838 2711 2887 pacem
2739 2831 2797 2875 et
2818 2824 3188 2876 concordiam
3224 2825 3593 2877 reducantur.
3616 2826 3693 2877 Et
3711 2826 3865 2891 quod

2241 2914 2414 2963 super
2447 2899 2753 2964 praedictis
2806 2900 3055 2953 habeant
3099 2901 3329 2965 plenam
3366 2910 3422 2954 et
3458 2902 3701 2953 liberam
3740 2903 3869 2967 bay-

2242 2974 2376 3027 liam
2412 2984 2470 3028 et
2505 2976 2803 3028 arbitrium
2840 2977 3037 3029 omnia
3072 2994 3141 3029 ea
3174 2986 3235 3029 et
3283 2978 3509 3043 singula
3544 2978 3777 3030 dicendi
3814 2988 3865 3031 et

2244 3044 2493 3097 faciundi
2550 3052 2607 3097 et
2656 3044 3007 3109 procedendi
3066 3046 3387 3099 secundum
3446 3046 3605 3113 quod
3662 3047 3867 3099 melius

2242 3120 2589 3174 crediderint
2624 3122 2949 3175 convenire.
2984 3123 3055 3175 Et
3080 3123 3253 3175 etiam
3290 3139 3597 3187 procurare
3634 3132 3869 3177 tenean-

2244 3207 2352 3260 tur,
2391 3198 2549 3263 quod
2594 3199 2789 3250 omnia
2824 3206 3009 3251 castra
3046 3208 3103 3251 et
3138 3200 3451 3252 fortaliciae
3468 3216 3619 3265 quae
3644 3209 3783 3253 sunt
3812 3201 3865 3253 in

2243 3274 2499 3327 districtu
2528 3276 2850 3327 Cremonae
2876 3276 3210 3340 perveniant
3236 3277 3292 3327 in
3316 3276 3549 3328 forciam
3578 3277 3863 3329 dictorum

2243 3351 2461 3403 domini
2486 3352 2677 3403 vicarii
2702 3360 2757 3404 et
2783 3353 3066 3417 capitanei
3092 3362 3151 3405 et
3174 3353 3499 3406 communis
3526 3354 3867 3413 Cremonae,

2243 3436 2299 3479 et
2324 3427 2483 3493 quod
2509 3438 2814 3495 postquam
2842 3429 3204 3493 pervenerint
3225 3429 3281 3482 in
3308 3429 3533 3483 fortiam
3554 3430 3693 3482 dicti
3719 3446 3869 3482 com-

2246 3505 2433 3557 munis
2462 3505 2715 3569 guarniri
2740 3506 2991 3559 debeant
3016 3522 3117 3571 per
3145 3506 3417 3559 vicarium
3442 3506 3663 3560 domini
3696 3508 3865 3573 Regis

2244 3600 2301 3642 et
2334 3592 2697 3649 capitaneum
2736 3591 2809 3643 ad
2848 3592 3127 3643 honorem
3166 3591 3300 3644 dicti
3338 3591 3557 3645 domini
3600 3592 3777 3657 Regis
3812 3600 3867 3645 et

2244 3668 2565 3719 communis
2603 3670 2945 3719 Cremonae.
2988 3668 3059 3720 Et
3095 3668 3251 3733 quod
3282 3668 3477 3721 omnia
3513 3677 3681 3733 pacta
3716 3686 3863 3733 quae

2246 3745 2447 3795 fierent
2480 3760 2583 3807 per
2606 3760 2915 3795 commune
2941 3745 3263 3795 Cremonae
3298 3760 3429 3797 cum
3457 3744 3751 3811 aliquibus
3778 3762 3863 3796 ve-

2246 3821 2531 3873 nientibus
2584 3820 2655 3871 ad
2714 3821 2983 3872 mandata
3036 3822 3359 3873 communis
3412 3822 3755 3880 Cremonae,
3810 3830 3861 3872 et

2244 3897 2615 3949 reddentibus
2652 3896 2773 3961 ipsa
2810 3906 2991 3949 castra
3016 3905 3074 3949 et
3100 3896 3386 3949 fortilicias
3412 3898 3705 3949 communi
3734 3899 3863 3949 Cre-

2248 3989 2471 4033 monae,
2526 3974 2611 4025 eis
2665 3990 2765 4038 per
2816 3990 3125 4025 commune
3179 3975 3501 4027 Cremonae
3536 3983 3593 4026 et
3630 3990 3735 4039 per
3785 3990 3861 4025 re-

2244 4059 2427 4102 ctores
2462 4051 2785 4103 communis
2832 4051 3084 4103 debeant
3136 4051 3355 4113 integre
3412 4051 3754 4107 conservari.
3794 4052 3861 4102 Et

2245 4127 2403 4191 quod
2440 4127 2546 4192 ipsi
2594 4136 2651 4179 et
2706 4143 2907 4179 eorum
2962 4127 3209 4179 familiae
3262 4129 3373 4180 sint
3408 4137 3464 4180 et
3500 4144 3627 4179 esse
3664 4128 3861 4180 intelli-

2244 4212 2450 4265 gantur
2483 4204 2591 4255 sub
2636 4204 2991 4269 protectione
3043 4205 3367 4255 communis
3402 4213 3461 4256 et
3495 4205 3691 4270 populi
3731 4205 3861 4255 Cre-

2246 4294 2451 4331 monae
2485 4288 2541 4331 et
2574 4279 2877 4331 consulum
2914 4288 2971 4332 et
3006 4280 3375 4332 anzianorum
3402 4288 3455 4332 et
3487 4281 3707 4333 domini
3734 4296 3861 4333 exe—

2243 4356 2453 4408 cutoris
2506 4364 2563 4407 et
2614 4356 2967 4419 colegiorum
3004 4365 3062 4408 et
3098 4357 3481 4422 paraticorum
3518 4359 3857 4410 Cremonae.

2246 4434 2317 4485 Et
2354 4434 2464 4484 hoc
2498 4440 2774 4485 statutum
2803 4432 2875 4484 sit
2899 4440 3163 4485 truncum
3190 4441 3247 4485 et
3270 4433 3555 4498 precisum
3582 4442 3645 4485 ut
3668 4450 3857 4499 supra.

3027 4637 3079 4685 9.

2248 4742 2410 4807 Quod
2440 4742 2668 4807 quilibet
2702 4742 2888 4807 possit
2932 4758 3201 4794 accusare
3250 4743 3547 4809 quemlihet
3584 4742 3855 4795 baudem-

2308 4822 2426 4870 tum
2460 4820 2527 4871 de
2564 4818 2861 4882 malleficio
2897 4822 2953 4869 et
2982 4820 3349 4871 cancellatum
3384 4820 3453 4871 de
3486 4820 3665 4872 banno
3696 4820 3853 4871 inde-

2308 4896 2415 4947 bite
2446 4896 2547 4947 sub
2574 4898 2850 4962 pretextu
2878 4900 3181 4960 pactorum
3218 4900 3563 4949 castrorum.

2308 5016 2455 5067 Item
2491 5014 2699 5067 eodem
2739 5014 3041 5067 millesimo
3079 5014 3388 5068 indictione
3424 5024 3480 5069 et
3516 5032 3715 5073 mense
3752 5024 3855 5067 sta-

2238 5100 2423 5144 tutum
2462 5100 2519 5144 et
2554 5092 2883 5145 ordinatum
2920 5101 3026 5153 est,
3066 5092 3226 5159 quod
3263 5110 3393 5145 cum
3422 5092 3584 5145 multi
3620 5092 3693 5145 de
3722 5093 3852 5144 ban-

2239 5168 2450 5221 ‹lczatis
2488 5169 2561 5221 de
2598 5170 2879 5221 maleficio
2926 5169 3034 5221 sub
3084 5177 3345 5235 pretextu
3403 5180 3698 5236 pactorum
3748 5171 3852 5220 Ro-

2238 5245 2454 5307 becchi,
2496 5246 2839 5307 Zivenoltae,
2880 5256 2937 5300 et
2974 5246 3215 5299 aliorum
3252 5256 3567 5299 castrorum
3604 5245 3851 5298 indebite

2238 5330 2293 5373 et
2332 5322 2536 5375 iniuste
2575 5323 2629 5374 in
2668 5322 2924 5375 fraudem
2964 5332 3022 5375 et
3046 5332 3243 5376 contra
3279 5324 3573 5377 veritatem
3602 5324 3847 5389 ipsorum

2237 5408 2531 5463 pactorum
2570 5398 2681 5451 sint
2718 5400 3009 5453 cancellati
3060 5400 3133 5452 de
3186 5400 3343 5453 libris
3387 5400 3845 5457 bandezatorum,

2237 5475 2448 5528 idcirco
2484 5484 2757 5529 statutum
2796 5486 2854 5529 et
2888 5476 3214 5530 ordinatum
3253 5486 3359 5539 est,
3387 5477 3543 5543 quod
3570 5478 3613 5529 si
3649 5473 3847 5541 aliquis
