4050 6109
1119 274 1438 351 169-170.
1484 305 1565 315 -—
1613 284 1692 333 A.
1745 289 1926 347 1313.
1975 306 2060 317 -—
2104 283 2379 335 SECOLO
2423 287 2587 337 XIV.

1455 405 1611 412 —---

215 536 408 591 rectoris
441 535 686 601 eiusque
739 536 988 589 familiae
1034 536 1354 589 secundum
1394 535 1636 587 sormam
1673 550 1806 585 con-

214 614 504 665 ventionum
522 611 803 665 factarum
825 630 958 666 cum
981 613 1107 679 ipso
1133 612 1385 664 Domino
1405 611 1806 665 SerenissimO.

213 694 270 745 Et
297 688 440 756 quod
475 688 534 741 in
574 689 886 754 praedictis
921 689 1124 743 litteris
1155 688 1312 741 dicto
1353 689 1606 741 Domino
1643 688 1806 739 Sere-

209 768 411 821 nissimo
445 765 764 827 mittendis,
802 766 1135 832 singillatim
1171 775 1230 818 et
1265 766 1534 818 distincte
1559 764 1808 817 debeant

210 844 352 897 inseri
387 850 440 895 et
473 843 894 908 comprehendi
949 844 1146 895 omnia
1200 842 1448 907 capitula
1503 842 1714 895 inserta
1749 840 1806 892 in

209 922 346 973 dictis
378 920 860 973 conventionibus
896 919 1190 985 tangentia
1226 928 1475 971 rectores
1512 918 1808 983 eligendos

206 1010 248 1050 et
278 998 388 1049 eius
421 996 697 1049 familiam
759 1006 816 1049 et
869 997 980 1049 alia
1034 996 1107 1048 ad
1164 1012 1315 1061 quae
1378 1004 1647 1048 tenentur
1703 993 1808 1060 ipsi

210 1083 444 1127 rectores·
471 1074 545 1126 Et
569 1072 618 1126 si
642 1073 920 1139 praedicti
947 1081 1198 1125 rectores
1233 1080 1426 1125 essent
1451 1072 1810 1138 negligentes

209 1154 252 1203 in
283 1149 600 1215 colligendo
639 1160 697 1203 et
732 1150 923 1215 colligi
965 1148 1228 1201 faciendo
1254 1148 1439 1201 dictos
1463 1148 1728 1201 consules
1754 1155 1811 1200 et

208 1228 448 1280 anzianos
491 1227 766 1280 consules
802 1226 1178 1291 collegiorum
1217 1233 1274 1278 et
1308 1224 1494 1279 dictae
1533 1224 1811 1277 universi-

205 1304 314 1357 tatis
346 1312 400 1356 et
435 1304 750 1369 sapienteS,
791 1311 847 1355 et
883 1303 942 1355 in
968 1300 1301 1355 mandando
1338 1301 1661 1356 executioni
1685 1318 1814 1367 pro-

205 1380 425 1433 visiones
459 1391 520 1434 et
561 1380 830 1433 ordinata
883 1396 985 1446 per
1030 1394 1152 1440 eOS,
1207 1378 1368 1445 quod
1423 1378 1812 1444 infrascriptus

205 1457 450 1511 dominus
485 1466 784 1519 executor,
814 1455 1082 1509 consules
1107 1456 1392 1509 dictorum
1417 1455 1810 1522 collegiorum,

205 1536 326 1586 intra
348 1534 576 1586 tertiam
602 1532 760 1586 diem
787 1542 1099 1600 postquam
1125 1531 1232 1599 ipsi
1259 1542 1508 1585 rectores
1532 1549 1635 1599 per
1659 1532 1814 1597 ipsos

204 1610 444 1663 consules
479 1609 860 1676 collegiorum
900 1609 1111 1662 suerint
1162 1610 1440 1675 requisiti,
1479 1609 1701 1675 possint
1734 1608 1817 1660 di-

202 1696 306 1739 ctos
339 1686 630 1752 sapientes
666 1686 882 1752 eligere
919 1695 976 1739 et
1012 1702 1208 1738 secum
1247 1702 1619 1752 congregare.
1659 1686 1729 1737 Et
1760 1685 1814 1737 in

201 1762 486 1828 praedictis
525 1773 585 1816 et
621 1762 772 1816 circa
808 1762 1102 1829 praedicta
1128 1762 1430 1828 providere
1455 1771 1512 1815 et
1547 1761 1815 1814 ordinare

203 1839 451 1892 debeant.
495 1840 571 1893 Et
605 1840 840 1905 provisa
893 1848 950 1892 et
1006 1839 1270 1891 ordinata
1322 1854 1427 1904 per
1461 1854 1562 1890 eos
1597 1837 1818 1904 possint

201 1916 406 1967 effectui
443 1915 827 1977 demandare,
857 1924 913 1968 et
938 1916 1130 1968 literas
1154 1915 1383 1981 sigillari
1423 1916 1608 1969 facere
1633 1914 1818 1979 sigillo

202 1992 507 2043 communis
545 1992 873 2045 Cremonae
909 2001 967 2044 et
995 1990 1268 2057 sigillatas
1304 1992 1688 2044 transmittere
1714 1990 1818 2055 ipsi

203 2067 434 2120 Domino
458 2068 870 2121 SerenissimO.
901 2069 973 2121 Et
997 2068 1158 2135 quod
1185 2066 1240 2119 in
1267 2066 1568 2134 praedictis
1592 2075 1650 2119 et
1673 2067 1820 2119 circa

200 2144 474 2210 praedicta
514 2152 772 2198 rectores
812 2153 1116 2198 teneantur
1151 2145 1289 2197 dare
1324 2160 1560 2210 operam
1587 2160 1718 2195 cum
1743 2142 1820 2195 es-

199 2222 352 2274 sectu.
391 2222 482 2274 Eo
521 2222 686 2274 salvo
724 2221 885 2288 quod
911 2220 1149 2288 quando
1172 2220 1505 2273 tractabitur
1530 2220 1603 2272 de
1627 2219 1820 2273 futuro

197 2298 390 2351 vicario
429 2298 711 2351 habendo
747 2308 808 2351 et
843 2297 1246 2352 trasmittendo
1280 2296 1356 2349 ad
1385 2297 1701 2349 Dominum
1721 2295 1822 2348 do-

197 2375 400 2428 minum
440 2375 918 2437 serenissimum,
946 2376 1120 2428 etiam
1145 2374 1369 2439 possint
1389 2375 1465 2427 de
1490 2373 1656 2426 dictis
1678 2373 1824 2426 duo-

196 2454 290 2505 bus
323 2451 693 2517 sapientibus
729 2468 834 2517 per
869 2461 1096 2518 portam
1132 2461 1246 2504 tam
1287 2452 1360 2504 de
1396 2450 1614 2517 populo
1645 2466 1819 2517 quam

195 2530 258 2579 de
289 2528 656 2593 potentibus.
715 2530 788 2581 Et
843 2529 951 2581 hoc
987 2536 1268 2581 statutum
1325 2529 1397 2581 sit
1449 2536 1716 2581 truncum
1765 2535 1823 2579 et

195 2605 472 2670 precisum
531 2613 591 2658 et
647 2605 912 2658 ultimum
967 2614 1026 2657 et
1070 2604 1500 2669 derogatorium
1553 2602 1823 2656 omnibus

195 2682 307 2733 aliis
341 2682 581 2735 statutis
618 2680 1045 2747 provisionibus
1071 2688 1128 2733 et
1155 2681 1657 2733 reformationibus
1691 2696 1824 2731 con-

197 2758 444 2810 siliorum
483 2766 606 2811 tam
645 2757 972 2809 communis
1008 2772 1184 2823 quam
1223 2757 1420 2823 populi
1458 2756 1512 2808 in
1539 2756 1825 2809 contrario

195 2834 586 2899 loquentibus.
629 2834 718 2886 Eo
765 2834 926 2885 salvo
961 2833 1120 2899 quod
1173 2833 1308 2899 ipsis
1344 2833 1542 2885 litteris
1577 2834 1657 2885 sic
1693 2832 1827 2883 mit-

197 2910 376 2962 tendis
433 2926 674 2977 semper
725 2908 936 2963 debeat
989 2909 1180 2971 inseri,
1236 2909 1395 2975 quod
1445 2909 1667 2974 placeat
1714 2910 1827 2959 Do-

198 2986 346 3038 mino
381 2986 780 3039 serenissimo
824 2985 986 3051 quod
1020 2985 1314 3037 communi
1351 2993 1410 3038 et
1443 2985 1660 3051 populo
1696 2984 1828 3035 Cre—

197 3078 396 3116 monae
435 3063 700 3129 aliquem
726 3062 782 3115 in
809 3070 1090 3114 rectorem
1115 3063 1459 3122 Cremonae,
1487 3062 1585 3127 qui
1611 3060 1828 3113 steterit

195 3139 260 3191 ad
284 3140 556 3205 regimen
581 3141 908 3191 Cremonae
933 3154 1034 3204 per
1053 3138 1379 3203 trigenium,
1406 3139 1564 3191 iuxta
1587 3138 1825 3189 sormam

192 3216 474 3270 dictarum
513 3216 970 3270 conventionum
1011 3214 1148 3269 dare
1175 3231 1289 3267 non
1329 3215 1559 3275 debeat⁴

993 3439 1047 3488 3.

198 3541 284 3593 De
333 3542 702 3594 solemnitate
751 3540 1033 3594 servanda
1085 3547 1260 3607 super
1301 3539 1564 3592 electione
1596 3538 1832 3605 futuro-

255 3636 392 3671 rum
431 3618 652 3672 vicarii
683 3621 742 3670 et
770 3617 1051 3684 capitanei
1061 3618 1280 3685 populi.

259 3754 408 3806 Item
449 3753 666 3806 eodem
705 3752 1012 3805 millesimo
1050 3752 1360 3805 indictione
1395 3760 1453 3805 et
1491 3766 1688 3803 mense
1716 3759 1835 3803 sta-

195 3840 378 3883 tutum
419 3838 482 3882 et
518 3829 854 3884 ordinatum
889 3837 998 3892 est,
1021 3830 1180 3895 quod
1205 3830 1478 3881 dominus
1513 3829 1754 3881 vicarius
1777 3837 1835 3880 et

195 3907 536 3972 capitaneus
571 3907 674 3972 qui
710 3913 847 3959 sunt
869 3916 930 3959 et
959 3922 1065 3971 pro
1091 3906 1450 3970 temporibus
1473 3912 1660 3965 erunt,
1691 3904 1833 3957 infra

195 3984 427 4036 tertium
467 3983 630 4035 diem
667 4000 740 4035 ex
778 3998 898 4049 quo
934 3999 1006 4035 ex
1041 3992 1204 4048 parte
1239 3982 1375 4035 dicti
1415 3981 1650 4033 Domini
1673 3982 1834 4032 Sere-

197 4061 420 4113 nissimi
476 4060 620 4126 ipsis
669 4059 884 4113 suerint
931 4059 1250 4113 destinatae
1301 4059 1522 4111 litterae
1573 4066 1633 4109 et
1665 4058 1835 4110 datae

196 4138 570 4190 continentes
619 4136 856 4188 nomina
893 4143 951 4188 et
987 4136 1363 4201 praenomina
1404 4135 1722 4188 futurorum
1759 4134 1836 4186 vi—

197 4214 327 4265 carii
365 4222 432 4266 et
467 4212 777 4279 capitanei,
830 4212 932 4279 qui
974 4212 1191 4265 debent
1225 4212 1358 4276 eligi
1393 4228 1494 4277 per
1529 4226 1837 4263 commune

200 4290 552 4351 Cremonae,
592 4296 900 4341 teneantur
935 4288 1121 4340 facere
1149 4304 1500 4353 congregare
1534 4287 1836 4341 consilium

197 4367 374 4430 partis
412 4376 473 4419 et
511 4366 734 4432 populi,
763 4365 1030 4418 videlicet
1064 4366 1308 4418 vicarius
1335 4364 1636 4417 consilium
1661 4366 1837 4430 partis

199 4454 252 4495 et
284 4443 638 4509 capitaneus
682 4442 986 4496 consilium
1038 4440 1257 4508 populi,
1311 4441 1458 4494 facta
1509 4450 1644 4495 ante
1683 4442 1838 4494 crida

200 4519 289 4571 die
314 4520 697 4585 praecedenti
725 4535 828 4585 per
852 4520 1146 4573 tubatores
1170 4519 1494 4570 communis
1518 4520 1839 4571 Cremonae

201 4597 252 4647 in
289 4598 439 4649 locis
476 4596 796 4659 consuetiS,
835 4596 996 4662 quod
1032 4611 1236 4647 omnes
1270 4595 1625 4647 credenderii
1663 4596 1840 4649 dicto-

201 4689 323 4725 rum
361 4672 748 4725 consiliorum
777 4671 873 4725 die
897 4672 1162 4739 sequenti
1191 4688 1319 4724 esse
1345 4672 1597 4724 debeant
1618 4673 1692 4724 ad
1719 4673 1840 4738 ipsa

197 4750 460 4811 consilia,
501 4750 813 4801 occasione
849 4748 1144 4801 electionis
1179 4748 1405 4801 fiendae
1451 4747 1524 4800 de
1561 4748 1726 4800 novis
1763 4750 1841 4801 vi-

199 4827 353 4879 cario
391 4835 454 4879 et
487 4826 815 4892 capitaneo
871 4826 937 4877 ln
991 4826 1251 4893 quolibet
1287 4840 1536 4892 quorum
1577 4826 1841 4878 consilio-

198 4918 324 4955 rum
365 4904 444 4956 ad
483 4904 682 4956 minus
735 4903 1013 4955 interesse
1065 4901 1318 4956 debeant
1367 4904 1682 4957 ducentum
1725 4919 1843 4956 cre-

199 4980 488 5034 denderii.
531 4981 606 5033 Et
660 4979 824 5047 quod
863 4980 1001 5045 ipsis
1036 4979 1288 5031 consiliis
1323 4980 1704 5046 congregatis„
1740 4997 1842 5032 no-

201 5058 358 5109 mina
423 5058 685 5123 ipsorum
746 5056 1088 5109 vicariorum
1139 5056 1448 5109 missorum
1502 5073 1604 5122 per
1654 5058 1840 5123 ipsum

201 5135 531 5187 Dominum
588 5133 1034 5187 Serenissimum
1073 5142 1130 5186 et
1183 5134 1355 5185 etiam
1412 5134 1842 5198 capitaneorum

203 5212 258 5262 in
295 5212 443 5277 ipsis
480 5211 735 5263 consiliis
771 5210 1024 5263 debeant
1075 5210 1350 5277 publicari
1390 5219 1447 5263 et
1481 5212 1678 5263 literae
1714 5228 1845 5277 ape·

201 5288 296 5341 riri
335 5298 400 5340 et
423 5289 559 5354 legi,
585 5286 805 5340 scilicet
829 5286 1062 5339 nomina
1084 5286 1276 5339 vicarii
1303 5288 1358 5338 in
1384 5287 1624 5339 consilio
1651 5290 1845 5353 partiS,

201 5374 260 5417 et
293 5364 546 5419 nomina
579 5364 866 5431 capitanei
903 5364 958 5416 in
995 5364 1234 5416 consilio
1258 5364 1476 5430 populi.
1517 5364 1742 5431 Quibus
1767 5366 1847 5418 sic

201 5442 368 5495 lectis
409 5452 466 5495 et
501 5440 830 5508 publicatiS,
885 5440 958 5494 ad
1009 5441 1349 5493 electionem
1388 5457 1590 5495 eorum
1627 5458 1729 5507 per
1767 5442 1846 5495 in-

1883 4085 1890 4398 l

3454 291 3529 353 27

1907 535 2261 602 srascriptum
2302 538 2539 592 modum
2566 538 2773 593 debeat
2799 538 3053 605 procedi,
3082 539 3349 593 videlicet
3372 541 3532 607 quod

1905 612 1997 665 ille
2034 613 2132 679 qui
2169 614 2413 679 scriptus
2449 615 2555 668 erit
2591 616 2776 680 primo
2810 616 3055 669 vicarius
3082 617 3139 670 in
3166 618 3303 683 ipsis
3330 617 3530 671 litteris

1905 691 2115 744 debeat
2150 692 2469 745 aballottari
2476 730 2822 746 .......
2862 702 3061 747 contra
3096 702 3437 761 sequentem
3474 694 3531 747 in

1905 768 2169 821 ordinem
2222 769 2551 833 scripturae.
2593 770 2663 821 Et
2700 770 2791 822 ille
2828 770 2927 837 qui
2980 770 3296 825 obtinuerit
3331 778 3531 824 contra

1906 853 2245 911 sequentem
2282 845 2457 897 alium
2513 845 2569 897 in
2612 844 2813 898 ordine
2860 846 3073 900 debeat
3106 846 3423 910 aballotari,
3476 855 3535 900 et

1909 922 1987 975 sic
2023 922 2097 973 de
2131 922 2256 975 aliis
2307 921 2669 986 procedatur.
2727 923 2799 975 Et
2836 922 2927 975 ille
2962 923 3061 990 qui
3098 924 3414 977 obtinuerit
3446 923 3528 976 sic

1907 998 2269 1064 singulariter
2318 1006 2517 1051 contra
2569 1014 2792 1061 omneS,
2838 998 3049 1053 habeat
3082 999 3163 1053 sic
3200 1001 3419 1065 primus
3454 999 3533 1051 vi-

1908 1076 2114 1138 cariuS,
2151 1084 2209 1127 et
2255 1074 2463 1127 eodem
2520 1074 2695 1127 modo
2750 1075 2807 1127 in
2860 1076 3120 1128 secundo
3174 1076 3443 1143 eligendo
3479 1084 3537 1129 et

1909 1152 2077 1205 tertio
2104 1161 2161 1205 et
2185 1160 2391 1217 quarto
2414 1150 2626 1204 debeat
2648 1152 2905 1217 procedi.
2931 1153 3003 1205 Et
3027 1152 3319 1218 praedicta
3342 1152 3537 1205 omnia

1908 1229 2287 1281 observentur
2340 1227 2395 1279 in
2448 1227 2729 1279 electione
2782 1228 3087 1293 capitanei.
3142 1230 3214 1282 Et
3268 1228 3427 1296 quod
3465 1244 3537 1281 eo

1910 1314 2173 1371 tempore
2209 1319 2328 1371 quo
2383 1303 2707 1371 praedictae
2763 1304 3181 1359 abalotationes
3227 1305 3384 1367 fient,
3436 1303 3537 1357 do-

1911 1382 2101 1435 minus
2138 1380 2380 1435 vicarius
2415 1380 2517 1447 qui
2553 1389 2688 1433 tunc
2723 1381 3000 1447 temporis
3036 1382 3142 1434 erit
3170 1382 3223 1434 in
3251 1381 3377 1447 ipso
3400 1397 3537 1434 con-

1911 1457 2038 1511 silio
2074 1458 2288 1510 habere
2324 1456 2534 1509 debeat
2567 1456 2777 1510 librum
2815 1456 2869 1509 in
2897 1473 3016 1523 quo
3047 1458 3240 1523 scripti
3266 1458 3379 1511 sint
3403 1455 3539 1510 dicti

1911 1533 2268 1587 credenderii
2322 1534 2495 1601 partis
2531 1541 2590 1585 et
2625 1534 2680 1586 in
2719 1534 2845 1599 ipso
2882 1533 3069 1587 facere
3105 1535 3297 1587 vocari
3348 1534 3541 1600 singu—

1910 1611 2102 1663 lariter
2153 1610 2267 1664 alta
2319 1627 2459 1663 voce
2509 1611 2663 1676 ipsos
2714 1610 3120 1663 credenderios
3173 1612 3417 1677 scriptos
3474 1611 3531 1663 in

1917 1688 2041 1753 ipso
2078 1688 2243 1749 libro,
2283 1687 2379 1753 qui
2418 1686 2773 1739 credenderii
2828 1687 2907 1740 sic
2952 1688 3141 1741 vocati
3176 1688 3543 1754 singulariter

1916 1780 2066 1817 unus
2102 1774 2232 1831 post
2267 1764 2440 1815 alium
2478 1764 2671 1816 venire
2710 1762 2959 1817 debeant
3000 1763 3076 1817 ad
3112 1764 3402 1818 banchum
3437 1765 3540 1818 do—

1919 1841 2057 1893 mini
2094 1840 2304 1902 vicarii,
2345 1840 2440 1892 ubi
2478 1840 2727 1893 debeant
2764 1857 2891 1894 esse
2927 1841 3196 1893 bussolae
3230 1841 3543 1895 insaltiatae

1917 1918 1976 1971 in
2010 1918 2141 1969 loco
2175 1916 2363 1970 solito.
2407 1918 2478 1970 Et
2512 1916 2746 1969 cuilibet
2793 1917 3051 1982 ipsorum
3099 1918 3541 1970 credendiorum

1918 1992 2129 2046 debeat
2153 1993 2275 2046 dari
2299 2010 2413 2045 una
2436 1992 2693 2051 ballotta,
2718 1992 3085 2046 ostendendo
3108 1994 3309 2047 ambas
3333 2010 3539 2047 manus

1920 2086 2113 2123 coram
2152 2069 2485 2131 rectoribus,
2514 2078 2571 2122 et
2596 2069 2693 2136 qui
2720 2068 3098 2123 incontinenti
3133 2078 3310 2136 ponat
3344 2070 3544 2124 ambas

1923 2163 2127 2199 manus
2176 2147 2247 2199 ad
2298 2148 2447 2212 ipsas
2500 2146 2761 2199 bussolas
2798 2145 2994 2200 dando
3030 2146 3307 2201 balottam
3346 2162 3547 2200 secun-

1920 2224 2061 2275 dum
2099 2223 2258 2289 quod
2310 2239 2415 2289 pro
2471 2222 2689 2275 meliori
2730 2223 3053 2286 crediderit,
3093 2224 3201 2277 sub
3238 2224 3433 2277 banno
3466 2224 3548 2277 vi-

1920 2300 2061 2365 ginti
2100 2300 2393 2352 soldorum
2443 2299 2843 2364 imperialium,
2873 2300 3033 2365 quod
3060 2300 3315 2353 bannum
3356 2302 3548 2353 incon-

1921 2377 2121 2430 tinenti
2160 2377 2311 2440 exigi
2348 2376 2557 2428 debeat
2614 2392 2714 2441 per
2768 2384 3033 2431 rectoreS.
3090 2377 3162 2429 Et
3202 2378 3361 2443 quod
3399 2378 3546 2429 datis

1920 2454 2060 2519 ipsis
2086 2454 2335 2513 balottiS,
2366 2453 2522 2517 ipsae
2548 2451 2815 2504 bussolae
2842 2452 3096 2506 debeant
3119 2453 3347 2506 vacuari
3374 2470 3546 2519 super

1922 2530 2225 2597 pallacium
2282 2544 2384 2594 per
2418 2526 2675 2580 medium
2731 2529 3021 2581 banchum
3076 2528 3295 2581 domini
3334 2529 3544 2583 vicarii.

1927 2608 1998 2659 Et
2036 2606 2109 2659 ibi
2148 2604 2417 2658 omnibus
2470 2601 2798 2656 videntibus
2833 2604 3084 2657 debeant
3121 2606 3409 2658 numerari
3448 2622 3549 2671 per

1925 2700 2103 2736 unum
2142 2698 2213 2734 ex
2264 2681 2598 2733 consulibus
2649 2690 2706 2733 et
2757 2681 3027 2735 anzianiS.
3071 2682 3143 2734 Et
3179 2682 3339 2748 quod
3388 2698 3549 2747 prae-

1925 2759 2076 2812 dicta
2111 2758 2301 2810 locum
2340 2758 2589 2810 habeant
2622 2758 2793 2809 etiam
2833 2758 2889 2810 in
2927 2758 3207 2812 electione
3242 2758 3545 2824 capitanei.

1929 2837 1998 2888 Et
2023 2836 2180 2901 quod
2208 2836 2263 2887 in
2292 2835 2429 2900 ipsis
2452 2832 2701 2885 consiliis
2728 2834 2978 2887 debeant
3001 2834 3112 2899 legi
3139 2834 3551 2887 conventiones

1927 2912 2107 2965 sactae
2134 2929 2233 2979 per
2256 2927 2567 2963 commune
2591 2911 2915 2963 Cremonae
2940 2927 3069 2963 cum
3092 2911 3249 2965 dicto
3277 2912 3549 2973 Domin0,

1929 2997 2151 3042 tantum
2190 2989 2243 3041 in
2282 3002 2351 3039 ea
2406 2996 2567 3053 parte
2622 2988 2675 3039 in
2732 3004 2847 3054 qua
2882 2988 3205 3041 continetur
3240 2988 3315 3041 de
3351 2989 3553 3041 suturis

1930 3064 2247 3117 rectoribus
2282 3064 2562 3129 eligendis
2593 3074 2650 3117 et
2680 3080 2881 3117 eorum
2911 3063 3155 3117 familiis.
3186 3065 3259 3117 Et
3280 3065 3329 3117 si
3355 3075 3553 3118 contra

1931 3142 2250 3207 praedictas
2286 3141 2499 3193 formas
2546 3140 2750 3193 electio
2787 3141 3042 3206 ipsorum
3080 3140 3272 3193 vicarii
3310 3149 3369 3193 et
3404 3141 3553 3207 capi-

1932 3218 2083 3271 tanei
2120 3218 2267 3271 sacta
2320 3217 2507 3279 fuerit,
2562 3218 2689 3283 ipso
2739 3218 2861 3270 iure
2896 3216 3107 3269 nullius
3143 3216 3216 3269 sit
3254 3219 3550 3271 momenti„

1934 3297 2005 3347 Et
2044 3294 2414 3347 nihilominus
2451 3304 2719 3355 rectoreS,
2758 3294 2855 3360 qui
2895 3294 3185 3360 praedicta
3210 3310 3326 3347 non
3362 3295 3555 3365 obser-

1932 3373 2207 3432 vaverint,
2247 3373 2336 3423 vel
2362 3388 2478 3423 non
2504 3370 2794 3423 observari
2824 3369 3036 3430 fecerit,
3064 3370 3120 3422 in
3146 3380 3377 3423 centum
3400 3370 3557 3424 llbris

1931 3449 2181 3502 debeant
2216 3447 2587 3500 condemnari
2624 3463 2726 3513 per
2750 3446 3124 3499 sindicatores
3161 3455 3420 3513 tempore
3446 3448 3557 3499 sin-

1933 3525 2175 3585 dicatuS,
2214 3534 2271 3577 et
2309 3527 2418 3577 hoc
2470 3532 2745 3577 statutum
2799 3522 2873 3576 sit
2914 3532 3180 3576 truncum
3218 3531 3278 3576 et
3310 3524 3554 3590 praecis-

1935 3618 2064 3655 sum
2101 3611 2159 3654 et
2212 3602 2475 3654 ultimum
2529 3608 2586 3653 et
2639 3600 3066 3665 derogatorium
3123 3601 3395 3653 omnibus
3434 3600 3557 3653 aliis

1934 3677 2159 3731 statutis
2184 3686 2241 3731 et
2277 3676 2720 3744 provisionibus,
2753 3685 2870 3729 tam
2893 3676 3217 3729 communis
3254 3693 3428 3744 quam
3459 3693 3557 3744 po-

1935 3754 2054 3821 puli
2091 3756 2145 3808 in
2172 3754 2520 3807 contrarium
2557 3753 2947 3820 loquentibus·

2726 3966 2778 4015 4.

2220 4078 2384 4142 Quod
2413 4081 2667 4131 rectores
2701 4082 2759 4131 et
2786 4096 2987 4133 eorum
3010 4080 3282 4145 familiae

1985 4172 2096 4208 non
2122 4155 2346 4221 possint
2375 4154 2590 4207 absolvi
2621 4157 2755 4222 quin
2789 4158 2939 4208 stent
2967 4157 3044 4209 ad
3074 4157 3509 4221 syndacandum.

2009 4294 2154 4345 Item
2190 4292 2399 4344 eodem
2438 4292 2741 4345 millesimo
2778 4292 3089 4347 indictione
3124 4302 3184 4345 et
3220 4310 3416 4347 mense
3453 4302 3557 4346 sta-

1940 4380 2127 4423 tutum
2152 4378 2209 4422 et
2244 4369 2572 4421 ordinatum
2598 4378 2703 4432 est,
2737 4370 2895 4436 quod
2922 4369 3196 4435 praedicti
3232 4370 3450 4423 domini
3476 4371 3564 4422 vi-

1939 4447 2073 4499 carii
2110 4456 2167 4498 et
2201 4446 2483 4511 capitanei
2530 4446 2627 4511 qui
2679 4446 2754 4497 de
2808 4456 3003 4501 cetero
3054 4448 3338 4513 eligentur
3384 4448 3562 4499 modo

1939 4524 2252 4590 praedictO,
2293 4531 2350 4575 et
2384 4523 2557 4575 etiam
2610 4534 2904 4589 presentes
2952 4534 3221 4587 rectoreS,
3260 4533 3563 4578 teneantur

1941 4609 1999 4653 et
2034 4599 2285 4652 debeant
2318 4607 2471 4652 stare
2522 4607 2581 4651 et
2629 4615 2965 4664 permanere
3014 4617 3145 4653 cum
3182 4610 3303 4653 tota
3338 4617 3443 4653 sua
3478 4602 3566 4654 sa-

1943 4677 2097 4729 milia
2131 4684 2254 4728 toto
2290 4686 2551 4741 tempore
2588 4676 2676 4729 sui
2700 4676 2871 4729 officii
2900 4676 2955 4729 in
2980 4677 3206 4731 civitate
3243 4678 3563 4730 Cremonae

1941 4769 2115 4818 super
2150 4753 2419 4805 domibus
2456 4752 2781 4805 communis
2817 4754 3157 4815 Cremonae,
3190 4763 3245 4806 et
3270 4753 3443 4806 etiam
3471 4770 3566 4805 eo-

1943 4846 2069 4881 rum
2106 4829 2295 4881 officio
2350 4828 2511 4881 finito
2547 4840 2697 4883 stare
2734 4829 2985 4884 debeant
3019 4846 3148 4883 cum
3185 4840 3305 4884 tota
3341 4846 3447 4884 sua
3481 4831 3567 4882 sa-

1943 4906 2099 4958 milia
2134 4915 2192 4958 et
2228 4905 2511 4973 syndicari
2565 4907 2787 4972 possint
2840 4906 3161 4960 secundum
3206 4908 3449 4960 sormam
3486 4907 3569 4960 di-

1943 4992 2161 5035 ctarum
2182 4982 2632 5035 conventionum
2660 4991 2716 5035 et
2738 4990 3082 5035 statutorum
3107 4993 3222 5036 tam
3244 4984 3567 5037 communis

1944 5075 2119 5125 quam
2156 5058 2353 5124 populi
2391 5058 2753 5125 loquentium
2805 5058 2881 5111 de
2932 5059 3214 5112 sindicatu
3256 5070 3563 5114 rectorum.

1947 5137 2018 5189 Et
2053 5134 2212 5201 quod
2250 5134 2539 5201 pendente
2576 5152 2777 5188 eorum
2816 5136 3003 5189 officio
3046 5153 3152 5188 nec
3188 5137 3360 5189 etiam
3396 5153 3469 5189 eo
3506 5137 3567 5189 fi-

1945 5213 2085 5273 nit0,
2124 5212 2366 5265 durante
2420 5212 2574 5264 dicto
2627 5212 2947 5277 syndicatu,
3002 5212 3181 5265 modo
3232 5214 3427 5279 aliquo
3462 5230 3567 5267 seu

1944 5288 2178 5355 ingenio
2215 5306 2320 5341 nec
2359 5289 2415 5340 in
2450 5289 2645 5354 aliquo
2681 5288 2921 5341 consilio
2948 5289 3168 5355 possint
3192 5290 3280 5341 vel
3316 5290 3566 5343 debeant

1945 5364 2187 5428 absolvi,
2224 5364 2331 5417 nisi
2369 5364 2688 5417 secundum
2726 5364 2971 5418 sormam
3008 5365 3431 5432 praedictorum
3458 5376 3570 5420 sta-

1945 5450 2224 5496 tutorum.
2266 5434 2339 5494 Et
2366 5441 2527 5509 quod
2552 5442 2756 5509 aliquis
2782 5450 2967 5495 rector
3000 5442 3325 5497 communis
3350 5443 3438 5495 vel
3468 5460 3569 5511 po-
