4050 6109
535 281 652 356 158

1530 289 1798 338 CODICE
1843 287 2366 337 DIPLOMATICO
2410 287 2869 338 CREMONESE

523 554 652 615 197.
697 569 780 580 --
833 553 1010 612 1307,
1057 530 1202 594 iun.
1257 551 1350 610 19,
1423 531 1506 604 V,
1562 529 1603 594 l.
1650 536 1859 614 snper
1889 529 2155 615 palatio
2252 531 2579 593 noncium
2626 532 2746 613 qui
2790 551 3014 614 nuper
3066 532 3467 595 anonciavit
3523 533 3878 596 introitum

606 626 760 712 gab.
817 627 1198 690 Cremonae.
1255 625 1322 698 C,
1378 645 1511 704 194.

610 761 931 827 Provisio
979 762 1298 845 gabellae
1344 761 1534 843 quod
1577 770 1887 842 potestas
1932 771 2000 824 et
2047 781 2155 823 ca-

524 857 851 938 pitaneus
911 877 1051 919 non
1110 855 1411 918 debeant
1470 854 1706 936 aliquo
1762 856 1970 916 modo
2041 855 2156 918 vel

523 959 896 1031 praetextu
964 947 1274 1012 detinere
1343 968 1560 1010 naves
1623 947 1788 1011 salis
1855 959 1923 1010 et
1984 948 2154 1010 alias

525 1043 1100 1106 merchadandias
1145 1040 1232 1104 ad
1271 1052 1557 1123 pontem
1585 1041 1778 1113 Padi,
1811 1062 1989 1123 quae
2021 1041 2154 1104 sol-

523 1137 753 1199 verint
795 1135 1168 1217 pedalium.
1213 1135 1390 1197 Item
1436 1135 1624 1217 quod
1668 1133 2020 1216 quaelibet
2050 1154 2157 1197 co·

521 1231 642 1293 bla
685 1229 1197 1312 gabellatorum
1227 1236 1546 1291 teneatur
1577 1228 1988 1291 denuntiare
2018 1228 2153 1290 sin-

523 1323 968 1387 dacatoribus
999 1323 1118 1404 qui
1151 1321 1503 1404 eligentur
1532 1323 1622 1384 ad
1653 1322 2153 1384 sindacandum

521 1427 942 1499 potestatem
999 1424 1068 1477 et
1118 1415 1556 1497 capitaneum
1615 1425 2022 1496 praesentes
2083 1425 2153 1478 et

517 1511 810 1582 futurOS,
842 1511 1030 1591 quod
1055 1511 1354 1572 debeant
1377 1508 1899 1590 inquisitionem
1924 1507 2154 1572 facere

520 1607 610 1668 ad
657 1604 1086 1666 voluntatem
1132 1603 1679 1684 gabellatorum,
1733 1602 1819 1664 de
1867 1612 2018 1665 toto
2065 1623 2149 1665 eo

522 1699 714 1780 quod
737 1696 1077 1779 praedicti
1108 1706 1415 1759 rectores
1437 1694 1744 1758 dixerint
1768 1705 1838 1757 et
1861 1693 2153 1758 fecerint

521 1801 766 1854 contra
830 1789 1269 1872 provisiones
1329 1789 1667 1871 gabellae.
1725 1788 1902 1852 Item
1960 1790 2152 1870 quod

519 1884 736 1948 iudex
794 1895 865 1946 et
921 1883 1122 1946 miles
1164 1882 1532 1964 potestatis
1577 1895 1646 1944 et
1691 1881 2039 1962 capitanei
2082 1894 2151 1945 et

519 1989 818 2058 quatuor
861 1977 1328 2059 gabellatores
1374 1975 1688 2058 deputati
1726 1976 1816 2037 ad
1847 1974 2151 2038 officium

518 2071 686 2134 salis
732 2076 820 2154 (v.
867 2091 927 2133 a.
982 2089 1184 2150 1305,
1239 2069 1378 2132 iun.
1451 2071 1582 2149 17),
1649 2088 1790 2131 non
1848 2069 2150 2133 debeant

519 2164 759 2246 aliquo
813 2165 1021 2226 modo
1088 2163 1440 2226 molestari
1492 2182 1620 2243 per
1679 2162 2149 2244 gabellatores

518 2258 606 2320 de
630 2257 930 2320 denariis
955 2257 1261 2338 acceptis
1285 2276 1413 2337 pro
1445 2255 1777 2337 expensis
1812 2254 2149 2318 faciendis

519 2351 592 2413 in
639 2351 756 2412 via
798 2339 926 2433 per
971 2350 1383 2413 districtum.

520 2543 648 2616 198.
693 2573 778 2584 —
832 2558 1008 2618 1307,
1055 2537 1143 2602 id.
1190 2537 1280 2602 id.
1333 2537 1402 2611 C,
1461 2558 1597 2617 195.

604 2672 927 2735 Provisio
972 2673 1294 2755 gabellae
1345 2674 1537 2755 quod
1591 2674 1842 2736 iterum
1897 2675 2150 2736 dentur

517 2768 589 2829 in
647 2765 886 2830 fictum
953 2785 1080 2847 per
1141 2786 1214 2828 10
1275 2785 1494 2828 annos
1539 2767 1853 2829 redditus
1900 2768 2148 2829 domus

517 2861 588 2922 S.
633 2859 898 2923 Mariae
943 2861 1029 2922 de
1072 2859 1312 2940 Ceppo
1342 2859 1538 2922 fratri
1563 2860 1867 2922 Martino
1900 2861 1986 2922 de
2022 2862 2148 2922 Pa-

521 2954 936 3027 ninsacchis,
970 2953 1311 3016 solvendo
1345 2959 1426 3016 80
1456 2953 1671 3015 libras
1701 2955 1942 3035 imper.
1976 2974 2146 3035 quo-

513 3161 672 3204 nem
720 3140 870 3203 eius
907 3142 994 3220 (v.
1040 3160 1099 3202 a.
1157 3161 1334 3218 1302,
1381 3153 1557 3222 sept.
1592 3160 1703 3213 20;
1752 3160 1931 3219 1307,
1962 3141 2143 3202 mad.

520 3253 628 3313 303
684 3254 866 3314 1307,
911 3235 1052 3296 iun.
1107 3235 1223 3312 13).

510 3439 637 3498 199.
682 3457 768 3468 —
820 3441 997 3501 1307,
1045 3421 1162 3484 inl.
1220 3427 1312 3491 18,
1357 3422 1430 3490 V,
1465 3418 1504 3483 l.
1538 3427 1747 3514 :cuper
1777 3419 1966 3483 domo
1988 3395 2140 3503 gab·

607 3513 974 3577 Cremonae
1016 3519 1334 3598 (tempore
1364 3514 1724 3598 potestatis
1771 3513 2004 3576 Landt'
2029 3512 2137 3577 a'o-

597 3605 776 3670 mini
823 3606 993 3671 Celli
1032 3607 1111 3670 de
1152 3606 1701 3686 &damona-ellac).
1758 3609 1824 3680 C,
1875 3612 2015 3669 206.

593 3743 916 3806 Provisio
974 3742 1294 3824 gabellae
1348 3744 1538 3824 quod
1595 3744 1682 3805 de
1740 3763 1949 3806 avere
2016 3762 2139 3826 ga-

509 3836 736 3900 bellae
758 3835 876 3900 fiat
904 3847 1106 3916 porta
1133 3844 1202 3897 et
1226 3836 1674 3916 ponteculum
1699 3836 1909 3899 castri
1940 3837 2137 3898 Mon-

507 3930 735 3994 teselli
783 3932 868 3992 de
912 3928 1218 4011 Unginis
1265 3929 1444 3991 ultra
1487 3931 1776 3993 Padum.

508 4154 644 4198 200.
689 4171 772 4180 -——
825 4154 1012 4213 1307,
1059 4133 1176 4196 iul.
1227 4153 1333 4205 20,
1403 4133 1485 4206 V,
1543 4133 1586 4196 l.
1633 4133 1706 4196 in
1751 4133 2137 4218 baptis-terzo

604 4228 970 4292 Cremonae
1013 4226 1086 4290 in
1129 4248 1306 4290 cons.
1344 4226 1664 4311 gabellae.
1721 4227 1786 4302 C,
1836 4249 1976 4308 207.

591 4363 913 4426 Provisio
947 4362 1268 4444 gabellae
1299 4364 1491 4444 quod
1535 4363 1973 4444 stipendiarii
2018 4383 2135 4445 pe-

503 4459 776 4520 destres
819 4467 890 4518 et
933 4455 1286 4518 balesterii
1331 4457 1401 4518 in
1431 4456 1718 4519 servitio
1750 4459 2137 4520 communis

503 4550 780 4632 possint
820 4549 1082 4612 habere
1127 4569 1256 4630 pro
1306 4551 1621 4631 quolibet
1664 4549 1778 4612 die
1832 4571 1899 4612 12
1937 4552 2139 4613 dena-

501 4645 645 4708 rios
670 4656 741 4707 et
762 4643 999 4726 plures
1030 4663 1253 4724 usque
1278 4645 1368 4706 ad
1398 4644 1856 4725 quantitatem
1892 4664 1922 4705 2
1959 4645 2135 4706 sold.

503 4739 745 4820 imper.
773 4787 790 4814 ,
864 4735 1323 4800 consideratis
1390 4735 1908 4801 conditionibus
1966 4747 2133 4799 tem-

501 4833 696 4913 poris
740 4852 924 4895 nunc
955 4831 1503 4905 occurrentibuS,
1541 4841 1608 4892 et
1637 4849 1777 4892 non
1815 4830 2137 4893 obstante

501 4926 739 5008 aliqua
781 4925 1185 5006 provisione
1229 4927 1572 5008 gabellae.

506 5130 632 5174 201.
679 5149 762 5155 ——
815 5130 996 5189 1307,
1039 5107 1157 5174 iul.
1206 5132 1305 5189 31,
1349 5111 1422 5182 V,
1455 5109 1498 5172 l.
1529 5117 1739 5194 super
1769 5109 1958 5173 domo
1981 5109 2135 5194 gab.

601 5205 988 5268 Cremonae.
1041 5202 1110 5278 C,
1161 5209 1302 5267 208.

590 5341 912 5404 Provisio
959 5340 1278 5423 gabellae
1337 5341 1528 5421 quod
1584 5340 1960 5403 massarius
2015 5361 2137 5424 ga-

495 5434 728 5498 bellae
773 5435 1023 5500 debeat
1069 5435 1154 5498 de
1199 5433 1600 5497 introitibus
1643 5433 1932 5497 induere
1964 5435 2137 5497 illud

2249 623 2467 706 partis
2512 623 2870 688 Ecclesiae
2916 623 2987 687 in
3030 625 3421 700 Placentia,
3483 634 3551 688 et
3609 627 3882 690 solvere

2252 727 2552 800 quatuor
2586 720 3059 800 gabellatores
3091 732 3161 782 et
3193 740 3225 781 2
3260 721 3567 782 notarios
3592 731 3659 782 et
3696 741 3729 782 2
3771 741 3883 783 00-

2252 812 2472 875 101105
2518 813 2640 894 qui
2672 813 2929 876 debent
2958 812 3059 876 ire
3090 833 3218 896 per
3249 813 3639 876 districtum
3673 833 3885 876 causa

2251 904 2551 969 faciendi
2594 905 2817 987 accipi
2864 907 3081 968 salem
3124 911 3217 988 (v.
3263 927 3324 968 a.
3379 926 3557 986 1305,
3604 907 3746 970 iun.
3806 909 3883 987 7),

2252 1019 2390 1060 non
2408 999 2849 1062 obstantibus
2864 1000 3385 1080 provisionibus
3416 1001 3536 1083 qui
3561 1000 3883 1063 determi-

2252 1101 2420 1154 nant
2445 1113 2647 1156 casus
2672 1093 2927 1176 quibus
2948 1103 3179 1176 potest
3217 1095 3523 1175 expendi
3554 1095 3640 1156 de
3670 1113 3883 1157 avere

2252 1187 2571 1268 gabellae
2614 1190 2699 1268 (a.
2754 1207 2935 1266 1303,
2980 1207 3147 1250 11101.
3195 1187 3268 1262 C,
3324 1207 3459 1266 140,
3506 1189 3683 1268 etc.).

2252 1409 2387 1454 202.
2432 1428 2515 1436 —
2568 1411 2762 1471 1307,
2806 1412 2964 1476 aug.
3012 1411 3077 1471 5,
3150 1392 3231 1466 V,
3286 1390 3331 1454 l.
3375 1397 3584 1475 super
3616 1391 3886 1475 palatio

2328 1483 2482 1567 gab.
2539 1485 2921 1550 Cremonae.
2978 1485 3045 1560 C,
3097 1506 3238 1564 209.

2335 1619 2656 1682 Provisio
2701 1621 3022 1702 gabellae
3066 1621 3256 1702 quod
3300 1630 3752 1683 removeatur
3795 1623 3885 1684 ab

2253 1712 2481 1776 officio
2543 1713 2856 1777 massarii
2906 1713 3143 1797 pontis
3186 1713 3451 1777 Doxoli
3496 1714 3715 1776 frater
3759 1712 3883 1777 Ca-

2249 1807 2493 1869 brinus
2524 1807 2893 1889 culpabilis
2921 1818 2993 1869 et
3034 1807 3191 1870 loco
3222 1806 3373 1870 eius
3418 1806 3887 1871 substituatur

2248 1898 2459 1962 frater
2494 1899 2882 1973 BelvesiuS,
2928 1901 3305 1963 canonicus
3352 1901 3601 1962 domus
3645 1900 3723 1964 S.
3762 1899 3887 1963 Ca-

2248 1993 2420 2055 taldi
2450 1993 2521 2055 in
2566 1994 2921 2057 suburbiis
2966 1994 3371 2058 Cremonae.

2248 2197 2388 2257 203.
2434 2215 2521 2226 —
2571 2199 2749 2258 1307,
2788 2182 2953 2262 sept.
2986 2202 3045 2257 4,
3087 2179 3159 2250 V,
3193 2178 3236 2242 l.
3264 2185 3475 2261 saper
3506 2177 3703 2240 domo
3734 2179 3885 2262 gab.

2338 2272 2725 2337 Cremonae.
2780 2274 2848 2347 C,
2897 2294 3039 2336 210.

2330 2409 2653 2472 Provisio
2696 2409 3015 2492 gabellae
3060 2411 3251 2491 quod
3294 2409 3738 2491 emptoribus
3772 2410 3882 2470 da-

2247 2502 2337 2565 cii
2383 2503 2527 2565 vini
2573 2515 2643 2566 et
2687 2503 2868 2566 furni
2916 2503 3262 2584 capitanei
3302 2507 3393 2585 (v.
3426 2524 3487 2565 a.
3534 2523 3719 2580 1302,
3756 2522 3888 2564 1110.

2250 2615 2349 2672 31,
2396 2595 2468 2668 C,
2542 2599 2679 2676 106)
2734 2597 3097 2658 solvantur
3163 2605 3433 2658 tantum
3500 2615 3629 2676 pro
3694 2596 3885 2656 dono

2249 2710 2284 2766 3
2333 2689 2599 2752 denarii
2642 2711 2770 2772 pro
2816 2689 2993 2752 libra
3037 2691 3127 2772 (v.
3174 2710 3233 2751 a.
3290 2709 3468 2767 1303,
3517 2708 3730 2752 111010.
3789 2691 3883 2767 18)

2246 2792 2316 2844 et
2352 2803 2551 2845 cassa
2580 2783 2672 2847 sit
2708 2782 3023 2864 provisio
3062 2804 3242 2861 1303,
3274 2803 3434 2864 aug.
3475 2787 3576 2854 28,
3615 2781 3692 2855 C,
3742 2800 3883 2861 151.

545 3049 558 3062 ,
961 3048 972 3061 ,
1149 3047 1162 3059 .
1265 3048 1277 3060 ,
1341 3047 1354 3060 ,
1997 3048 2008 3059 ,
2054 3047 2065 3060 ,
2194 2880 2379 3067 Ι204.
2425 3025 2511 3034 -
2564 3010 2739 3069 1307,
2812 2989 2922 3062 VI,
2980 2990 3363 3054 Cremonae.
3419 2988 3485 3060 C,
3540 2992 3678 3068 196.

512 3049 686 3111 111)οῒ
730 3066 912 3110 011110
957 3068 1028 3109 111
1058 3067 1425 3129 principio,
1457 3047 1838 3109 secundum
1870 3059 2147 3128 petitio·
2192 3088 2197 3123 1

2329 3125 2649 3187 Provisio
2694 3126 3010 3207 gabellae
3074 3126 3265 3206 quod
3330 3124 3635 3205 capitula
3702 3124 3878 3186 lucri

2244 3221 2359 3281 vel
2402 3238 2871 3300 expensarum
2918 3219 3287 3282 scribenda
3330 3219 3401 3280 in
3454 3217 3651 3281 libris
3698 3237 3880 3279 mas-

2243 3313 2469 3375 sariae
2536 3313 2856 3394 gabellae
2926 3314 3228 3375 debeant
3270 3313 3496 3395 primo
3542 3311 3763 3376 scribi
3809 3311 3881 3373 in

2240 3406 2421 3468 libro
2466 3407 2743 3469 illorum
2787 3408 2875 3468 de
2920 3407 3251 3469 boletinO.
3297 3407 3473 3469 Item
3519 3407 3715 3488 quod
3744 3407 3880 3468 sol-

2241 3510 2496 3562 vantur
2568 3521 2685 3563 100
2736 3500 2915 3562 soldi
2960 3501 3203 3580 imper.
3268 3501 3541 3563 duobus
3586 3499 3884 3563 notariis

2189 3555 2194 3688 1
2240 3595 2562 3674 gabellae
2609 3614 2740 3675 pro
2782 3595 3343 3656 remuneratione
3388 3594 3756 3656 cuiusdam
3802 3593 3878 3653 li-

2188 3692 2193 3755 Ι
2238 3688 2346 3750 bri
2400 3688 2471 3750 in

2524 3708 2662 3769 quo
2710 3687 3141 3769 scripserunt
3198 3688 3511 3751 soldatos
3554 3697 3697 3750 tam
3744 3705 3877 3767 pe-

2239 3783 2509 3876 destres
2539 3801 2747 3863 quarn
2780 3793 3142 3863 equestres
3172 3801 3331 3844 cum
3363 3780 3524 3862 pilis
3550 3792 3619 3842 et
3650 3779 3883 3861 signis

2240 3895 2578 3957 equorum
2624 3886 2694 3937 et
2735 3894 2866 3956 pro
2897 3873 3471 3955 spontacionibus
3516 3893 3762 3935 eorum
3808 3885 3877 3936 et

2186 3981 2191 4085 Ι
2236 3969 2391 4031 01115
2422 3969 2807 4050 scripturis,
2841 3969 3015 4031 Item
3047 3968 3237 4049 quod
3270 3967 3618 4030 Rafainus
3646 3967 3877 4048 Aghi-

2186 4088 2191 4105 ·
2238 4081 2463 4122 nonus
2500 4061 2809 4123 notarius
2843 4061 3202 4123 ordinatus
3234 4060 3324 4122 sit
3368 4061 3457 4122 ad
3494 4060 3875 4122 exiendum

2239 4153 2514 4217 dacium
2558 4154 2725 4216 salis
2777 4153 2925 4217 sine
2983 4154 3219 4236 aliquo
3265 4153 3540 4226 salari0,
3586 4165 3662 4216 ut
3722 4153 3875 4237 ipse

2238 4248 2511 4321 obtulit,
2580 4248 2735 4311 vice
2798 4247 3087 4310 fratrum
3143 4249 3265 4329 qui
3332 4258 3874 4320 recusaverunt,

2185 4351 2191 4376 ’
2238 4361 2375 4402 non
2420 4341 2860 4404 obstantibus
2904 4341 3428 4422 provisionibus
3480 4349 3550 4402 et
3594 4341 3879 4403 statutis

2236 4436 2307 4497 in
2353 4437 2799 4498 contrarium.
2830 4435 3024 4508 Item,
3055 4455 3184 4516 pro
3218 4434 3495 4497 defectu
3542 4434 3711 4497 salis
3754 4434 3889 4518 qui·

2237 4551 2377 4593 non
2438 4541 2545 4594 est
2607 4531 2678 4592 in
2724 4530 3023 4612 gabella,
3071 4530 3262 4611 quod
3306 4527 3605 4610 quilibet
3650 4528 3875 4609 possit

2238 4625 2493 4688 ducere
2526 4635 2595 4686 et
2627 4625 2790 4686 dare
2816 4624 3032 4686 salem
3058 4622 3409 4685 communi
3434 4642 3657 4704 usque
3683 4624 3874 4703 quod

2235 4720 2446 4780 muda
2487 4717 2743 4792 veniet,
2780 4729 2851 4781 et
2896 4717 3190 4800 quilibet
3228 4715 3455 4797 possit
3498 4735 3659 4778 eum
3706 4736 3875 4779 ven-

2238 4813 2403 4874 dere
2435 4820 2698 4893 quanto
2736 4811 2972 4892 precio
3011 4811 3331 4872 voluerit.

2236 5033 2373 5095 205.
2422 5051 2501 5060 —
2557 5035 2735 5094 1307,
2783 5013 2915 5076 dec.
2964 5021 3021 5086 8,
3094 5014 3212 5086 VI,
3272 5011 3314 5076 l.
3360 5020 3569 5098 super
3604 5013 3871 5097 palalio

2314 5108 2466 5193 gab.
2523 5109 2906 5172 Cremonae.
2962 5109 3028 5181 C,
3087 5130 3222 5189 197.

2322 5245 2645 5310 Provisio
2679 5246 2998 5328 gabellae
3037 5247 3227 5327 quod
3260 5244 3472 5308 frater
3505 5245 3869 5316 CabrinuS,

2240 5361 2453 5422 quum
2499 5360 2679 5421 pons
2708 5338 2972 5402 Doxoli
3019 5352 3403 5420 occupatus
3448 5348 3518 5402 et
3550 5339 3865 5400 devasta-

2236 5444 2351 5497 tus
2398 5435 2488 5496 sit
2532 5453 2659 5515 per
2701 5433 3022 5496 inimicos
3069 5442 3137 5495 et
3166 5433 3264 5495 ibi
3308 5451 3448 5496 non
3487 5431 3577 5496 sit
3606 5451 3863 5494 massa—
