4050 6109
1081 297 1578 350 PROVVISIONI
1625 301 1878 349 DELLA
1924 300 2281 350 GABELLA
2328 302 2609 351 MAGNA

1453 433 1689 438 ———
1730 432 1762 438 —-
1774 433 1785 436 -
1792 432 1832 438 —-
1858 431 2137 438 ——ffi
2144 433 2478 439 --—--—.——-....-*

3404 311 3513 368 ¹3¹

3062 435 3072 440 -
3093 435 3364 442 -—-—-——.
3427 437 3521 442 —-—-

1924 421 2126 428 ——-.-
2153 422 2417 428 —.-—-.—.-—

151 547 252 598 hec
289 548 558 614 provisio
609 549 685 603 sit
726 551 972 604 truncha
1017 559 1076 604 et
1127 550 1350 615 precisa
1395 560 1454 604 et
1507 549 1708 604 ultima
1741 557 1800 603 et
1896 541 2119 604 rariae
2172 543 2242 605 in
2301 545 2599 607 servicio
2666 545 3095 609 Marchionis
3152 545 3523 610 Hestensis

151 623 525 689 derogatoria
561 626 840 680 omnibus
883 627 1010 680 aliis
1053 627 1496 693 provisionibus,
1551 627 1797 689 statutiS,

147 709 263 754 tam
301 702 582 754 comunis
618 719 799 769 quam
836 703 1056 770 populi,
1083 704 1139 756 in
1176 703 1526 757 contrarium
1562 703 1802 770 loquen-

149 777 322 830 tibus·
365 779 446 831 Et
481 779 648 846 quod
684 789 946 847 potestas
981 789 1040 834 et
1072 779 1408 846 capitaneus
1445 779 1710 833 comunis
1744 787 1803 833 et

153 855 352 920 populi
415 856 712 910 Cremone
755 866 1062 911 teneantur
1104 873 1235 910 eam
1289 857 1346 910 in
1403 865 1592 911 totum
1644 865 1702 908 et
1745 856 1802 909 in

151 931 416 997 qualibet
433 942 604 999 parte
629 934 720 987 sui
744 933 1146 988 inviolabiliter
1169 935 1498 994 observare,
1520 934 1631 986 sub
1653 949 1804 998 pena

153 1017 207 1059 et
243 1006 302 1060 in
339 1025 502 1074 pena
529 1010 578 1062 L
603 1011 880 1064 librarum
906 1011 1106 1077 imper.
1143 1018 1202 1064 et
1235 1009 1396 1078 quod
1422 1010 1594 1062 etiam
1631 1009 1806 1076 gabe-

153 1086 388 1144 latores,
429 1086 536 1152 qui
585 1103 741 1141 nunc
787 1096 924 1142 sunt
970 1096 1029 1141 et
1074 1103 1180 1153 pro
1216 1087 1576 1152 temporibus
1615 1094 1802 1149 erunt,

151 1169 465 1215 teneantur
488 1165 746 1218 eandem
773 1164 1162 1230 provisionem
1196 1164 1524 1226 observare,
1565 1179 1716 1229 pena
1739 1179 1804 1216 ac

153 1239 408 1294 vincullo
443 1241 799 1295 sacramenti
835 1257 903 1294 ac
927 1242 1112 1294 tocius
1133 1240 1323 1294 salarii
1344 1239 1432 1292 sui
1458 1239 1802 1292 amissioniS.

221 1317 400 1369 Lecta
437 1325 502 1370 et
537 1318 822 1384 aprobata
857 1318 963 1371 fuit
997 1317 1381 1384 suprascripta
1417 1315 1668 1383 provisio
1705 1332 1806 1382 per

155 1393 556 1460 infrascriptos
591 1395 887 1460 sapientes
921 1411 1096 1461 super
1145 1394 1324 1446 domo
1359 1394 1512 1446 dicte
1557 1393 1802 1459 gabelle,

156 1470 244 1522 die
279 1470 594 1524 dominico
629 1471 914 1536 vigesimo
951 1480 1158 1539 quarto
1195 1471 1355 1533 iunii,
1383 1471 1682 1536 presencia
1705 1470 1807 1524 do-

155 1548 450 1600 minorum
489 1548 736 1601 Zanoldi
791 1547 866 1600 de
919 1549 1133 1601 Sancto
1177 1549 1346 1601 Petro
1399 1555 1458 1600 et
1511 1546 1805 1600 Guilielmi

159 1623 593 1678 Consanonerii.

160 1851 252 1894 20.
299 1867 386 1876 ·—-
445 1835 632 1908 1296,
680 1829 770 1893 id.
817 1829 906 1893 id.
963 1831 1030 1904 C,
1080 1851 1178 1910 39.

241 1969 580 2032 Provisio
627 1970 950 2050 gabellae
997 1969 1188 2051 quod
1249 1989 1370 2031 200
1429 1969 1645 2031 librae
1691 1968 1806 2029 vel

163 2065 344 2126 circa
376 2083 569 2146 quae
605 2073 768 2125 sunt
797 2081 1017 2143 penes
1047 2062 1426 2124 massarios
1467 2061 1804 2142 gabellae,

163 2171 399 2220 mutuo
445 2166 787 2237 acceptae
833 2175 962 2237 pro
1007 2156 1346 2218 solvendo
1399 2156 1672 2238 aliquos
1718 2156 1804 2217 de

165 2251 570 2314 Bonefaciis
617 2255 708 2332 (v.
741 2271 802 2313 a.
851 2253 1028 2329 1296,
1076 2269 1286 2312 mare.
1323 2269 1390 2327 31
1433 2260 1502 2312 et
1533 2249 1670 2310 mai
1713 2251 1805 2327 19)

161 2345 600 2426 accipiantur
632 2354 703 2407 et
751 2353 1252 2407 convertantur
1280 2343 1352 2405 in
1385 2343 1805 2406 solutionem

165 2440 480 2521 peditum
517 2449 590 2501 et
635 2437 936 2501 militum
967 2437 1087 2520 qui
1121 2447 1281 2499 sunt
1313 2436 1643 2509 Mutinae,
1674 2437 1809 2498 hoc

165 2543 370 2614 pacto
404 2533 605 2614 quod
640 2532 1092 2595 restituantur
1121 2532 1194 2592 in
1227 2531 1547 2592 eumdem
1580 2530 1810 2592 locum

169 2628 258 2690 de
305 2626 556 2708 primis
629 2626 936 2688 denariis
1004 2625 1122 2706 qui
1193 2624 1472 2686 venient
1539 2625 1625 2686 ad
1693 2643 1808 2705 ga·

175 2721 450 2784 bellam.

183 2945 262 2988 21.
307 2963 388 2970 —
449 2927 635 3002 1296,
683 2920 773 2986 id.
823 2921 912 2985 id.
965 2923 1036 2995 C,
1071 2943 1170 3002 41.

254 3061 588 3126 Provisio
635 3063 958 3145 gabellae
1009 3062 1200 3144 quod
1248 3061 1484 3124 vinum
1532 3060 1814 3134 decreti,

179 3157 550 3220 vernaciae
595 3167 666 3218 et
719 3154 1098 3218 malvasiae
1161 3155 1446 3217 ductum
1511 3155 1580 3216 in
1648 3154 1815 3216 civi-

180 3263 381 3316 tatem
433 3251 670 3314 solvat
714 3250 804 3312 de
850 3249 1054 3311 dacio
1101 3269 1135 3328 5
1185 3248 1422 3312 soldos
1477 3249 1640 3329 imp.
1688 3268 1816 3329 pro

181 3347 492 3428 quolibet
553 3343 817 3415 barrili,
880 3343 938 3405 si
1005 3362 1145 3404 non
1206 3354 1311 3404 est
1365 3343 1545 3404 ultra
1605 3362 1814 3404 unum

180 3439 586 3508 sextarium,
636 3450 706 3500 et
753 3436 811 3501 si
857 3435 1067 3499 fuerit
1099 3435 1279 3498 ultra
1324 3437 1552 3497 solvat
1597 3436 1685 3498 ad
1718 3455 1814 3496 ra-

180 3536 432 3597 tionem
481 3531 866 3595 cuiuslibet.
897 3529 1185 3594 sextarii
1221 3549 1254 3607 5
1303 3530 1541 3591 soldos
1576 3529 1815 3609 imper.

184 3629 260 3691 de
305 3625 696 3710 superfluO.

184 3851 266 3893 22.
315 3869 395 3877 —
454 3835 640 3909 1296,
679 3832 800 3891 oct.
850 3849 905 3906 5,
943 3829 1030 3899 X,
1066 3825 1106 3889 l.
1155 3825 1227 3889 in
1259 3848 1433 3888 cons.
1474 3823 1624 3906 gab.
1667 3826 1817 3890 Cre-

261 3944 522 3987 monae.
583 3924 651 3995 C,
717 3945 766 3984 1.

1899 647 1966 698 et
2007 655 2140 716 pro
2186 638 2543 700 solucione
2587 637 2902 702 facienda
2958 640 3367 704 custodibus
3412 659 3519 702 ca-

1897 739 2217 800 strorum,
2268 741 2460 794 ratus
2505 743 2573 794 et
2617 731 2857 795 firmus
2903 733 3010 796 sit.

1900 935 1993 994 23.
2044 953 2118 962 --
2176 922 2353 996 1296,
2409 923 2525 980 oct.
2582 939 2675 992 12,
2744 920 2831 992 X,
2890 919 3272 989 Cremonae,
3342 917 3383 982 l.
3453 919 3525 982 in

1984 1030 2159 1072 com.
2199 1009 2518 1094 gabellae.
2575 1011 2642 1084 C,
2692 1032 2747 1074 2.

1987 1146 2308 1210 Provisio
2398 1149 2716 1230 gabellae
2796 1152 2983 1231 quod
3066 1153 3347 1222 abateS,
3426 1173 3527 1213 sa-

1901 1240 2191 1320 pientes,
2212 1241 2483 1314 notarii,
2508 1253 2577 1304 et
2602 1243 2712 1305 alii
2739 1241 3069 1306 officiales
3090 1246 3521 1326 gabellarum

1903 1347 1970 1397 et
2016 1335 2180 1397 salis
2226 1337 2363 1398 sint
2421 1338 2739 1398 excusati
2786 1349 2855 1399 et
2906 1338 3110 1401 liberi
3166 1341 3253 1402 ab
3310 1360 3519 1402 onere

1903 1429 2242 1491 militandi
2289 1430 2356 1491 in
2403 1431 2717 1494 exercitu
2762 1451 2984 1512 nuper
3026 1431 3209 1495 facto
3271 1433 3341 1494 in
3388 1453 3525 1494 ser-

1906 1523 2089 1585 vicio
2136 1523 2559 1586 Marchionis
2602 1525 2988 1587 HestensiS.

1905 1729 1998 1786 24.
2045 1745 2128 1756 -—
2183 1715 2359 1789 1296,
2409 1731 2557 1773 nov.
2606 1733 2662 1790 9,
2714 1713 2801 1784 X,
2851 1711 2891 1774 l.
2940 1711 3012 1774 in
3058 1712 3333 1776 consilio
3376 1712 3527 1796 gab.

1993 1803 2381 1866 Cremonae.
2439 1805 2505 1878 C,
2556 1826 2611 1883 3.

1990 1940 2306 2003 Provisio
2339 1941 2657 2022 gabellae
2688 1943 2878 2022 quod
2907 1944 3222 2006 homines
3268 1945 3353 2006 de
3384 1943 3526 2025 epi-

1904 2044 2195 2115 scopatu
2228 2043 2297 2095 et
2328 2035 2645 2098 districtu
2677 2035 3079 2110 Cremonae,
3106 2039 3225 2120 qui
3250 2038 3531 2102 venient

1905 2147 2033 2208 pro
2094 2147 2331 2189 eorum
2384 2128 2870 2190 communibus
2916 2131 3003 2191 ad
3048 2131 3529 2211 accipiendum

1905 2222 2119 2284 salem
2166 2220 2267 2283 eis
2298 2222 2721 2303 impositum,
2755 2243 2895 2284 non
2940 2226 3211 2304 possint
3253 2244 3384 2305 pro
3416 2226 3530 2287 de-

1905 2314 2071 2378 bitis
2118 2315 2419 2396 publicis
2454 2315 2567 2376 vel
2607 2314 2901 2397 privatis
2934 2318 3047 2379 vel
3092 2338 3532 2400 quacumque

1906 2407 2043 2471 alia
2087 2409 2353 2470 ratione
2409 2409 2564 2490 capi
2612 2430 2739 2472 nec
2802 2411 3092 2474 detineri
3140 2431 3268 2474 nec
3328 2414 3536 2474 modo

1907 2502 2043 2564 alio
2086 2503 2431 2582 agravari.

1909 2691 2002 2752 25.
2056 2711 2127 2719 —
2186 2679 2364 2752 1296,
2398 2695 2548 2736 nov.
2586 2696 2683 2746 21,
2723 2677 2811 2748 X,
2860 2675 2903 2738 l.
2952 2675 3023 2738 iu
3070 2675 3342 2739 consilio
3380 2675 3531 2760 gab.

2004 2767 2387 2830 Cremonae.
2446 2769 2511 2839 C,
2560 2791 2619 2847 4.

1996 2905 2319 2968 Provisio
2386 2907 2702 2988 gabellae
2766 2909 2956 2989 quod
3008 2920 3161 2971 rata
3213 2919 3283 2972 et
3335 2909 3535 2972 firma

1913 2998 2003 3061 sit
2051 2999 2361 3061 venditio
2399 3001 2485 3062 de
2517 3001 2703 3062 datio
2742 3021 2965 3082 nuper
2996 3003 3535 3085 superimposito

1915 3115 1952 3172 4
2000 3093 2355 3154 soldorum
2403 3093 2643 3174 imper.
2689 3114 2817 3175 pro
2873 3097 3187 3177 quolibet
3231 3097 3535 3160 sextario

1916 3186 2099 3256 salis,
2134 3185 2317 3248 facta
2347 3187 2699 3249 Iacomino
2724 3189 2811 3250 de
2841 3189 3065 3252 Gadio
3098 3200 3166 3252 et
3189 3189 3542 3253 Ottobello

1915 3281 2002 3343 de
2048 3279 2358 3360 Rupere,
2392 3301 2520 3362 pro
2563 3287 2722 3344 1800
2754 3283 2951 3346 libris
2998 3283 3408 3346 necessariis
3452 3286 3541 3346 ad

1917 3373 2331 3435 solvendum
2358 3375 2545 3438 mille
2569 3376 2843 3456 pedites
2869 3376 3119 3440 missos
3152 3379 3237 3440 de
3262 3397 3449 3440 novo
3474 3378 3544 3438 in

1919 3465 2259 3529 auxilium
2308 3469 2729 3531 marchionis
2776 3470 3146 3532 Hestensis
3194 3474 3296 3552 (1).

1917 3644 2010 3702 26.
2057 3675 2141 3686 —
2196 3643 2373 3718 1296,
2422 3658 2569 3700 nov.
2636 3659 2733 3716 25,
2797 3641 2887 3710 X,
2950 3638 2991 3700 l.
3055 3641 3421 3702 Cremonae
3473 3639 3547 3700 in

2002 3753 2177 3794 cotes.
2218 3731 2538 3816 gabellae.
2595 3733 2661 3804 C,
2698 3753 2751 3810 5.

2003 3869 2323 3932 Provisio
2349 3869 2667 3950 gabellae
2695 3871 2885 3950 quod
2910 3871 2967 3932 si
2992 3871 3225 3952 aliqua
3250 3891 3549 3952 persona

1918 3964 2203 4025 inventa
2236 3961 2441 4024 fuerit
2485 3963 2742 4025 habere
2790 3965 3001 4026 salem
3036 3966 3102 4026 in
3152 3967 3378 4036 domo,
3428 3965 3544 4046 qui

261 4063 594 4125 Provisio
641 4061 962 4140 gabellae
1001 4060 1190 4141 quod
1223 4058 1496 4120 dacium
1547 4058 1821 4119 noviter
1917 4077 2057 4119 non
2104 4057 2193 4118 sit
2225 4059 2311 4118 de
2358 4057 2502 4118 sale
2548 4057 2889 4136 gabellae,
2939 4059 3051 4118 vel
3098 4059 3165 4120 in
3214 4059 3546 4120 salamine

189 4157 590 4240 impositum
645 4175 676 4215 2
741 4154 1094 4215 soldorum
1146 4153 1232 4212 de
1287 4151 1602 4233 quolibet
1664 4171 1818 4213 sex·
1865 4154 1870 4197 i
1917 4170 2284 4229 porcorum
2324 4151 2436 4211 vel
2482 4150 2618 4212 alio
2651 4170 3091 4232 quocumque
3120 4153 3347 4224 mod0,
3387 4173 3543 4213 con-

187 4252 352 4313 tario
400 4249 574 4312 salis
621 4268 762 4309 non
807 4247 1242 4328 intelligatur
1286 4265 1440 4306 esse
1488 4246 1572 4306 de
1617 4244 1819 4307 bonis

189 4345 506 4426 gabellae
553 4361 688 4404 nec
733 4341 1122 4424 obligatum
1169 4339 1520 4420 aliquibus
1557 4350 1820 4418 empto-

189 4439 374 4501 ribus
398 4435 808 4499 reddituum
837 4434 1173 4516 gabellae,
1201 4433 1333 4494 nisi
1361 4431 1820 4494 creditoribus

190 4533 298 4614 qui
327 4550 522 4593 nunc
553 4539 622 4592 et
657 4529 831 4590 alias
863 4537 1181 4590 emerunt
1213 4526 1475 4588 dictum
1510 4527 1818 4598 dacium;

191 4637 250 4688 et
321 4625 516 4707 quod
587 4632 990 4686 contractus
1057 4639 1283 4700 nuper
1361 4619 1586 4682 factus
1663 4639 1818 4680 cum

191 4719 492 4782 Mai-tino
553 4720 644 4779 de
705 4714 950 4796 Capris
1013 4723 1082 4776 et
1143 4713 1464 4776 Otabello
1526 4715 1610 4773 de
1683 4713 1823 4773 Ru-

191 4832 368 4893 pere.
413 4832 550 4894 pro
605 4809 956 4872 solutione
1017 4807 1432 4887 complenda
1488 4806 1820 4867 militibus

193 4918 252 4969 et
293 4907 660 4989 peditibus
706 4905 825 4985 qui
873 4903 1150 4964 fuerunt
1191 4901 1504 4962 Mutinae
1547 4911 1614 4960 et
1666 4900 1820 4961 Fer-

238 5109 601 5120 -.—-.-.—-.—..—
646 5110 689 5116 --
710 5107 877 5116 *ι’-’.-
906 5109 925 5112 -
978 5107 1025 5112 --
1048 5107 1066 5112 -

240 5245 294 5294 (1)
325 5243 362 5284 n
390 5241 530 5283 datio
561 5239 634 5280 sul
661 5238 774 5288 sale,
803 5241 1070 5280 aumentato
1098 5235 1144 5278 di
1173 5249 1196 5285 ⁴
1227 5235 1346 5276 soldi
1373 5236 1481 5286 imp.
1513 5247 1594 5285 per
1613 5233 1819 5280 sestario,

195 5317 264 5346 era
285 5306 438 5357 prima
465 5304 516 5345 di
547 5315 598 5344 12
629 5301 748 5344 soldi
777 5301 888 5351 imp.
929 5301 948 5340 1
979 5299 1100 5340 mille
1129 5298 1242 5340 santi
1270 5299 1330 5338 da
1359 5297 1586 5338 mandarsi
1625 5297 1668 5336 in
1698 5295 1824 5336 aiuto

195 5367 260 5408 1101
289 5369 536 5410 Marcbese
555 5365 724 5407 d’Este
743 5375 772 5406 a
805 5364 958 5404 suste!
975 5362 1185 5406 Baleares,
1217 5373 1358 5402 erano
1377 5359 1532 5410 pagati
1562 5360 1605 5399 in
1635 5358 1823 5406 ragione

196 5431 236 5476 di
263 5444 284 5471 2
311 5429 430 5472 soldi
461 5431 576 5481 imp.
621 5429 666 5470 al
707 5427 888 5478 giorno,
919 5439 945 5466 0
983 5425 1226 5466 dovevano
1255 5437 1392 5465 avere
1432 5422 1630 5473 quindiu-i
1675 5421 1822 5471 giomi

199 5494 439 5546 anticipati.

1864 4208 1870 4300 Ι
1918 4245 2285 4306 demnetur
2330 4244 2418 4304 ad
2464 4243 2826 4306 arbitrium
2887 4245 3155 4307 consilii
3206 4247 3543 4326 gabellae‚

1863 4301 1870 4441 Ι
1919 4337 2233 4418 inspecta
2254 4337 2587 4418 qualitate
2614 4350 2681 4398 et
2706 4339 3091 4419 quantitate
3117 4339 3278 4398 salis
3302 4352 3371 4399 et
3396 4358 3550 4398 con-

1918 4431 2193 4492 dicione
2218 4451 2694 4512 personarum.
2728 4433 2899 4493 Item
2928 4432 3117 4512 quod
3140 4433 3331 4494 cives
3355 4431 3549 4492 habi-

1918 4535 2145 4586 tantes
2172 4525 2243 4586 in
2277 4525 2461 4586 villis
2495 4537 2563 4586 et
2597 4523 2840 4587 castris
2873 4536 2939 4585 et
2966 4525 3166 4586 terris
3192 4526 3549 4604 episcopa-

1919 4631 2032 4680 tus
2066 4628 2133 4680 et
2172 4617 2528 4680 districtus
2561 4618 3065 4698 compellantur
3088 4619 3174 4678 ad
3207 4617 3550 4697 accipien-

1919 4712 2083 4773 dum
2110 4732 2151 4772 a
2174 4713 2452 4792 gabella
2468 4723 2725 4774 certam
2753 4711 3209 4792 quantitatem
3238 4711 3401 4772 salis
3428 4710 3549 4772 im-

1918 4805 2215 4886 positam
2238 4805 2357 4874 010,
2384 4806 2699 4885 inspecta
2724 4805 3057 4886 qualium²
3076 4814 3143 4865 ot
3162 4805 3549 4885 quantitate

1919 4919 2370 4979 personarum
2419 4915 2487 4960 et
2532 4898 2944 4960 familiarum
2990 4899 3319 4979 ipsorum.

1975 5236 2150 5282 Questo
2180 5243 2393 5272 soccorso
2424 5243 2501 5272 era
2521 5237 2642 5272 stato
2671 5231 2909 5272 decretato
2937 5230 3013 5272 dai
3033 5230 3225 5280 consinii
3254 5230 3328 5270 del
3358 5242 3549 5270 comune

1920 5307 1944 5336 0
1975 5293 2057 5336 det
2078 5295 2264 5346 popolo,
2296 5294 2369 5334 dal
2408 5296 2631 5343 consiglio
2660 5294 2781 5334 della
2818 5293 3115 5343 campanella,
3148 5307 3173 5334 0
3210 5293 3285 5332 dal
3328 5293 3548 5342 consiglio
3574 5339 3579 5344 ,

1920 5356 2039 5397 della
2060 5357 2343 5406 campanella
2364 5355 2435 5396 dci
2468 5356 2659 5405 sapienti
2691 5356 2735 5396 111
2762 5357 2987 5396 Cremona
3009 5369 3033 5395 0
3064 5356 3107 5395 di
3132 5355 3204 5404 piu
3227 5355 3327 5396 altri
3356 5355 3548 5404 sapienti

1923 5421 2018 5460 loro
2050 5419 2271 5468 aggiunti.
