4050 6109
1189 268 1431 344 89-93.
1477 300 1561 312 —
1604 276 1680 327 A.
1735 284 1916 345 1309.
1960 300 2043 311 --
2088 278 2366 329 SECOLO
2409 280 2573 330 XIV.
3482 286 3556 345 13

221 528 458 597 quolibet
472 542 634 581 anno
657 526 972 581 reddendis
989 527 1268 581 massario
1285 528 1548 591 Gabelle,
1565 530 1663 583 die
1681 530 1837 597 vige-

219 606 350 658 simo
381 603 642 656 secundo
677 604 878 665 madii,
935 604 1242 658 millesimo
1285 604 1688 659 ducentesimo
1733 622 1835 659 no-

217 680 494 747 nagesimo
537 680 750 746 primo,
803 690 870 735 ut
919 690 1162 748 apparet
1207 698 1312 748 per
1363 682 1540 736 libros
1591 683 1833 737 Gabelle

217 760 342 811 lucri
373 757 654 812 massarii.

277 835 445 889 Statio
478 834 770 901 draparie,
827 851 944 903 que
995 842 1083 889 est
1117 835 1176 889 in
1209 835 1390 889 domo
1425 852 1542 905 que
1577 837 1684 891 suit
1721 836 1830 891 do·-

213 912 338 965 mini
373 911 658 965 Manarini
713 919 774 965 01
827 929 1006 979 quam
1042 913 1168 979 ipse
1205 914 1540 969 Manarinus
1574 914 1833 969 vendidit

215 988 464 1052 Comuni,
501 998 848 1055 recuperata
883 988 988 1043 suit
1011 1006 1116 1056 per
1141 989 1446 1043 Gabellam
1483 991 1678 1059 precio
1703 1008 1833 1045 cen-

211 1076 324 1120 tum
356 1064 632 1119 librarum
667 1065 875 1132 imper.
913 1082 949 1119 a
987 1066 1252 1129 RosaniS‚
1280 1066 1586 1121 millesimo
1621 1067 1832 1121 ducen-

211 1143 402 1197 tesimo
435 1142 824 1207 nonagesimo
859 1142 1118 1196 secundo
1153 1143 1466 1197 indictione
1500 1144 1719 1211 quinta.
1759 1146 1832 1197 Et

213 1220 555 1273 Petrebonus
592 1218 671 1272 de
707 1219 1112 1286 Gossalengho
1147 1220 1280 1274 fecit
1314 1230 1531 1275 cartam
1565 1222 1794 1288 aquisti.

275 1298 492 1351 Domus
526 1314 648 1364 que
683 1297 917 1351 suerunt
951 1296 1026 1350 de
1078 1297 1374 1361 Avocatis,
1412 1314 1586 1366 super
1620 1299 1831 1365 quibus

205 1374 524 1428 edificatum
562 1381 654 1427 est
687 1373 968 1441 palatium
1017 1390 1202 1441 nuper
1236 1375 1450 1429 {actum
1485 1384 1546 1431 et
1577 1375 1832 1442 porticus

207 1450 444 1505 militum
497 1450 658 1517 apud
713 1451 966 1517 plateam
1019 1450 1320 1515 maiorem,
1379 1460 1440 1505 et
1481 1469 1597 1520 que
1632 1460 1833 1506 tenent

207 1544 382 1595 usque
415 1528 491 1581 ad
543 1528 861 1581 stationem
909 1528 1160 1581 filiorum
1207 1528 1458 1582 Cazafini
1511 1537 1571 1583 et
1619 1529 1831 1597 quibus

202 1606 428 1658 coheret
459 1622 496 1657 a
531 1604 708 1659 heres
741 1603 880 1658 dicti
913 1604 1165 1659 Cazafini
1201 1622 1237 1659 a
1271 1623 1308 1659 a
1341 1605 1434 1659 via
1467 1623 1503 1659 a
1537 1607 1706 1661 heres
1727 1606 1830 1660 do-

205 1682 338 1735 mini
390 1682 704 1735 Manuellis
755 1680 1055 1749 quondam
1107 1681 1184 1736 de
1237 1683 1640 1737 Zanebonibus
1701 1684 1824 1737 sive

199 1759 444 1825 quedam
479 1760 684 1813 stricta
720 1758 1032 1825 ingressuS,
1081 1767 1276 1826 empte
1309 1760 1543 1813 suerunt
1577 1777 1680 1827 per
1714 1763 1827 1815 Ga-

201 1837 400 1889 bellam
443 1836 650 1902 precio
701 1832 1184 1903 quatuorcentum
1229 1838 1530 1903 sexaginta
1579 1837 1824 1891 duarum

199 1913 460 1966 librarum
525 1913 736 1979 imper.
789 1914 899 1966 sub
935 1912 1242 1966 millesimo
1293 1912 1692 1967 ducentesimo
1725 1930 1827 1967 no·

199 1990 489 2055 nagesimo
525 1992 623 2057 (1).
665 1991 740 2043 Ε1
779 1990 1076 2043 Nicolinus
1124 1990 1350 2043 Casella
1401 1990 1656 2045 notarius
1693 1991 1825 2045 fecit

197 2076 402 2120 cartam
425 2066 666 2133 aquisti.

262 2146 487 2197 Domus
521 2145 651 2197 sive
705 2143 986 2199 stationes
1021 2160 1138 2211 que
1174 2144 1406 2199 fuerunt
1439 2144 1516 2198 de
1551 2145 1825 2199 Avocatis

195 2222 282 2275 cui
314 2222 558 2275 coheret
593 2239 629 2275 a
661 2220 1022 2275 batisterium
1073 2229 1134 2274 et
1183 2221 1406 2289 piazola
1451 2238 1568 2289 que
1601 2230 1690 2275 est
1723 2239 1826 2289 per

195 2299 448 2352 medium
501 2298 870 2352 batisterium
918 2314 952 2351 a
999 2314 1130 2351 sero
1177 2306 1342 2365 parte
1377 2316 1414 2353 a
1450 2299 1660 2353 domus
1712 2302 1827 2354 Ga-

195 2376 338 2429 belle
369 2376 498 2429 sive
533 2376 836 2443 ingressus
888 2392 925 2428 a
965 2375 1310 2429 Zanebonus
1345 2384 1404 2430 01
1441 2378 1731 2430 Gabrinus
1767 2386 1828 2431 et

195 2453 454 2507 Petrinus
491 2452 574 2506 de
617 2452 898 2506 Avocatis
931 2470 968 2505 a
1001 2452 1114 2515 via,
1165 2462 1364 2519 empta
1415 2453 1520 2507 fuit
1572 2470 1676 2521 per
1709 2456 1826 2507 Ga·

195 2530 398 2583 bellam
435 2529 640 2596 precio
675 2530 1006 2595 octuaginta
1043 2538 1294 2597 quatuor
1317 2531 1590 2584 librarum
1615 2530 1820 2599 imper.

187 2606 291 2660 sub
323 2606 595 2672 predicto
629 2606 958 2671 millesimo,
982 2614 1042 2660 et
1065 2608 1486 2675 suprascriptus
1525 2608 1823 2662 Nicolinus

195 2684 446 2737 notarius
481 2684 622 2738 fecit
655 2692 874 2737 cartam
909 2683 1144 2751 aquisti.

249 2761 379 2815 Alia
415 2762 637 2815 domus
673 2778 790 2828 que
825 2769 914 2814 est
937 2760 1016 2815 ibi
1041 2777 1224 2828 prope
1260 2762 1352 2815 cui
1377 2762 1612 2815 coheret
1645 2779 1682 2815 a
1719 2762 1821 2815 do-

190 2852 310 2891 mus
343 2838 600 2894 Gabene
633 2838 761 2891 sive
793 2838 989 2892 stricta
1023 2838 1320 2905 ingressus
1341 2854 1378 2891 a
1405 2839 1498 2891 via
1529 2856 1566 2891 a
1602 2838 1822 2907 episco-

189 2916 338 2981 pium
376 2917 696 2979 cremone,
735 2922 934 2981 empta
967 2915 1076 2969 fuit
1109 2931 1214 2981 per
1249 2916 1554 2969 Gabellam
1587 2933 1624 2969 3
1647 2918 1823 2970 Ζ3110-

191 2993 338 3046 bono
373 2992 646 3047 Gabrino
677 2999 739 3047 et
773 2993 1004 3047 Petrino
1029 2993 1104 3047 de
1122 2993 1401 3046 ‚Avocatis
1437 2992 1634 3059 precio
1669 3002 1824 3047 octo-

187 3069 336 3135 ginta
370 3070 658 3123 librarum
709 3069 918 3136 imper,
959 3070 1070 3123 sub
1105 3070 1367 3137 predicto
1401 3070 1730 3134 millesinm,
1765 3078 1824 3125 et

186 3147 605 3213 suprascriptus
643 3145 946 3200 Nicolinus
981 3146 1238 3200 notarius
1271 3146 1406 3200 fecit
1439 3154 1676 3201 cartam.

247 3225 320 3292 (2)
361 3226 598 3277 Domus
633 3240 752 3291 que
803 3232 896 3277 est
937 3240 1044 3290 per
1083 3224 1342 3277 medium
1379 3222 1687 3277 domorum
1747 3224 1822 3279 de

189 3300 595 3355 Zanebonibus
631 3309 692 3354 et
726 3316 844 3367 que
879 3300 985 3354 fuit
1020 3299 1243 3353 domini
1279 3299 1502 3353 Mazole
1537 3299 1612 3353 de
1646 3300 1823 3354 01110-

187 3378 434 3439 ν1311ᾱ13,
473 3376 570 3431 cui
611 3376 849 3430 coheret
883 3393 918 3430 a
951 3394 988 3430 a
1023 3377 1117 3430 via
1165 3376 1242 3429 ab
1299 3376 1410 3429 alia
1461 3376 1820 3444 episcopium

189 3456 492 3517 Cremone,
531 3461 592 3507 et
627 3470 806 3521 quam
829 3453 1092 3507 vendidit
1115 3454 1359 3507 Gabelle
1379 3456 1672 3507 Cremone
1689 3470 1822 3521 pre-

187 3533 270 3585 cio
303 3540 548 3587 centum
583 3540 644 3585 et
665 3532 866 3597 viginti
895 3531 1156 3599 quinque
1178 3530 1454 3585 librarum
1481 3532 1682 3598 imper.
1709 3533 1820 3585 sub

190 3608 494 3663 milloeimo
525 3608 937 3662 trecentesimo
984 3608 1298 3662 indictione
1351 3606 1578 3663 decima
1631 3609 1816 3664 tertia.

192 3687 256 3739 Et
287 3688 558 3741 Iulianus
595 3685 672 3739 de
703 3687 756 3738 T
758 3693 924 3740 rento
959 3686 1094 3739 fecit
1127 3694 1364 3739 cartam.

249 3764 322 3831 (3)
363 3766 598 3818 Domus
649 3778 756 3818 seu
809 3762 1006 3825 stacio,
1063 3778 1182 3830 que
1234 3770 1322 3816 031
1373 3762 1434 3815 111
1469 3762 1682 3829 palatio
1715 3778 1820 3816 co-

191 3842 369 3895 munis
409 3843 705 3895 Cremone
740 3840 890 3894 iusta
939 3840 1144 3893 turrim
1180 3840 1360 3907 ipsius
1393 3840 1676 3903 0011101113,
1713 3840 1821 3893 fuit

191 3917 364 3973 locata
375 3919 610 3972 Bonino
635 3920 970 3971 Carenzano
993 3917 1267 3985 usquead
1283 3932 1462 3970 unum
1483 3932 1700 3970 annum
1712 3934 1819 3984 pro

191 3998 364 4061 pretio
401 3996 832 4064 quinquaginta
877 3994 1178 4049 soldorum
1235 3995 1440 4061 imper.
1491 3995 1602 4047 sub
1637 3994 1818 4048 mille-

191 4074 323 4129 simo
359 4074 776 4129 trecentesimo
799 4088 958 4126 nono
981 4072 1294 4126 indictione
1317 4080 1520 4126 octava
1551 4071 1648 4124 die
1671 4088 1819 4125 mer·

192 4152 316 4206 curii
349 4153 592 4208 decimo
627 4167 788 4205 nono
827 4150 1181 4205 novembris.

191 4340 275 4399 90.
317 4360 404 4369 —
457 4340 643 4401 1309,
691 4318 828 4385 ian.
877 4340 933 4401 7,
1005 4317 1159 4395 VII,
1229 4317 1542 4383 Venetiz's.

262 4459 551 4523 Domini
617 4458 708 4521 de
771 4456 1082 4539 Quirinis
1149 4458 1582 4521 constituunt
1637 4458 1813 4520 Lan-

192 4552 495 4618 francum
541 4553 630 4616 de
675 4551 918 4635 Cappo
985 4552 1072 4615 de
1115 4552 1425 4626 Mantua,
1469 4551 1813 4647 habitato-

191 4670 322 4711 rem
363 4648 856 4722 Venetiarum,
899 4656 1426 4731 procuratorem
1471 4665 1693 4709 suum.

193 4852 268 4911 91.
303 4872 388 4884 -
439 4854 606 4915 1309
647 4835 842 4917 (1308
873 4830 1046 4914 ina),
1079 4829 1216 4894 ian.
1259 4852 1350 4910 14,
1412 4829 1564 4905 VII,
1601 4834 1810 4914 super

255 4928 516 5013 palatio
554 4926 708 5013 gab.
764 4926 1150 4991 Cremonae.
1197 4925 1292 5000 D,
1341 4944 1440 5004 74.

264 5066 474 5131 Fines
504 5065 732 5129 factae
763 5062 1119 5127 massariis
1151 5060 1593 5145 generalibus
1625 5078 1808 5123 com-

239 5352 293 5403 (1)
319 5348 524 5403 Leggasi
555 5362 676 5402 1292.

237 5416 292 5463 (2)
321 5415 379 5455 Di
409 5414 529 5455 altra
555 5424 711 5454 mano.

237 5478 292 5529 (3)
322 5477 382 5519 Di
409 5476 528 5519 altra
555 5486 713 5518 mano.

1931 531 2161 595 munis
2192 541 2261 595 et
2290 533 2611 615 gabellae
2632 572 2713 581 —
2741 554 2777 613 3
2802 572 2887 581 -—
2910 534 2999 597 de
3025 541 3175 597 toto
3205 534 3555 616 stipendio

1928 643 2057 705 per
2113 624 2503 690 Antonium
2569 629 2656 691 de
2722 627 2926 691 Senis
2944 677 2959 703 ,
3026 628 3192 690 olim
3251 638 3557 691 conesta-

1930 718 2141 781 bilem
2186 729 2581 803 equestrem
2625 721 2697 785 in
2742 720 3042 785 servicio
3088 720 3488 785 Cremonae.

1927 926 2028 987 92.
2056 936 2156 957 ·—
2208 930 2365 990 1309
2410 912 2599 993 (1308
2644 909 2815 993 ina),
2862 909 3002 973 ian.
3058 914 3150 983 18,
3212 909 3364 983 VII,
3407 909 3557 973 Cre-

2015 1003 2316 1066 monae?

2013 1138 2487 1205 Inventarium
2573 1142 2915 1205 bonorum
2998 1142 3247 1205 Bedini
3326 1162 3393 1223 q.
3466 1141 3553 1203 de

1931 1230 2221 1309 Schicis‚
2266 1235 2486 1317 patris
2530 1236 2875 1299 Niccolini
2920 1246 2991 1301 et
3034 1234 3318 1300 Maffini.

1994 1418 2197 1472 Aveva
2232 1435 2347 1472 11113
2381 1419 2543 1485 pecia
2582 1426 2769 1473 terrae
2812 1420 3197 1474 casamentiae
3246 1436 3380 1473 011111
3430 1434 3548 1471 11110

1927 1494 2169 1560 pallacio
2204 1496 2429 1549 ruinato
2464 1513 2638 1563 super
2672 1498 2893 1551 iacente
2931 1498 2987 1551 in
3023 1495 3309 1551 territorio
3347 1494 3553 1549 Prada-

1926 1571 2055 1635 bisi,
2094 1571 2286 1626 intus?
2320 1581 2570 1627 castrum
2606 1574 2861 1640 episcopi
2897 1574 3239 1637 Cremonae,
3278 1589 3411 1627 cum
3447 1588 3553 1625 sua

1925 1656 2088 1713 parte
2130 1647 2267 1701 dicti
2313 1649 2500 1703 castri.
2546 1651 2823 1717 Seguono
2865 1649 3008 1703 altre
3052 1666 3223 1717 pezze
3265 1648 3415 1702 dalle
3459 1648 3549 1701 0111

1924 1741 2202 1779 coerenze
2234 1725 2432 1779 risulta
2455 1727 2564 1781 che
2588 1726 2903 1781 Pradabiso
2926 1744 3026 1780 era
3048 1726 3237 1781 vicino
3260 1725 3551 1791 all’Oglio,

1923 1818 2124 1869 presso
2177 1801 2214 1855 il
2269 1802 2545 1870 naviglio,
2593 1820 2626 1857 e
2680 1803 2734 1857 le
2786 1820 3064 1858 coerenze
3114 1820 3262 1857 sono
3314 1802 3374 1856 di
3424 1801 3551 1855 altri

1924 1878 2140 1931 Schizzi
2164 1880 2249 1945 (4).
2288 1880 2389 1933 Poi
2423 1880 2557 1933 beni
2596 1880 2651 1932 in
2690 1879 3018 1943 Azzane110,
3065 1897 3209 1947 pure
3250 1879 3439 1933 vicino
3474 1878 3553 1931 al-

1919 1954 2139 2021 l’Oglio
2176 1972 2209 2009 e
2257 1955 2311 2009 al
2362 1956 2640 2023 navigliO,
2677 1973 2787 2010 con
2832 1956 3010 2010 diritti
3052 1956 3198 2009 suile
3239 1972 3421 2023 acque
3457 1954 3552 2007 del

1925 2032 2121 2086 fiume.
2168 2032 2315 2086 Altri
2358 2033 2494 2086 beni
2546 2049 2693 2086 sono
2737 2032 3033 2086 accennati
3082 2033 3139 2085 in
3197 2032 3549 2093 Brodolano,

1925 2109 2357 2173 CasalbuttanO,
2398 2109 2833 2174 CasalmoranO,
2878 2126 2997 2164 000.
3045 2108 3381 2163 Ρο01113311111
3428 2124 3550 2162 mo-

1923 2184 2043 2248 bili,
2080 2185 2164 2239 sra
2198 2186 2215 2239 i
2252 2186 2437 2255 quali:
2476 2186 2597 2243 duo
2633 2186 2972 2254 pulvinaria,
3010 2202 3127 2240 11113
3161 2202 3435 2253 gansaxa.

1921 2391 2016 2451 93.
2064 2408 2147 2419 -—
2200 2392 2357 2452 1309
2402 2373 2590 2454 (1308
2622 2370 2792 2455 ina),
2816 2371 3006 2458 febr.
3040 2392 3097 2451 9,
3156 2371 3309 2447 VII,
3341 2376 3553 2455 super

1997 2464 2261 2549 palatio
2306 2464 2779 2530 merchandiae
2833 2466 3217 2530 Cremonae.

2005 2600 2389 2665 Consilium
2462 2602 2951 2665 merchandiae
3038 2601 3283 2665 statuit
3354 2602 3543 2685 quod

1922 2714 2133 2777 super
2164 2696 2507 2771 domibuS,
2541 2695 2845 2758 stateriis
2874 2704 2944 2759 et
2972 2696 3127 2759 aliis
3158 2694 3547 2758 redditibus

1920 2789 2408 2851 merchandiae
2452 2788 2851 2873 acquiratur
2913 2788 3214 2871 pecunia
3272 2790 3363 2851 ad
3404 2788 3546 2851 tol-

1918 2881 2163 2945 lendas
2189 2883 2607 2964 represalias
2629 2882 3083 2947 Venetiarum
3112 2892 3357 2946 contra
3387 2881 3545 2945 Cre-

1919 2994 2308 3039 monenses·
2352 3012 2437 3023 -
2480 2977 2658 3041 Item
2702 2976 3065 3040 00113111οἰ1
3110 2976 3287 3039 duos
3318 2994 3542 3039 corre-

1916 3068 2077 3145 riOS,
2151 3069 2458 3134 sindicos
2530 3071 2620 3133 ad
2676 3069 3035 3152 praedicta
3100 3068 3543 3151 perficienda.

1915 3198 1998 3209 -—
2070 3162 2409 3227 Consules
2498 3163 2991 3227 merchandiae
3088 3172 3159 3226 et
3246 3172 3545 3245 quatuor

1915 3256 2238 3321 consules
2284 3258 2797 3321 communitatis
2865 3266 2936 3320 et
2981 3266 3141 3320 octo
3186 3256 3539 3339 sapientes

1913 3350 2401 3415 merchandiae
2446 3362 2515 3415 et
2560 3350 3005 3414 comunitatis
3050 3350 3221 3415 dant
3262 3348 3539 3431 plenam

1912 3443 2218 3526 bayliam
2248 3444 2367 3507 uni
2398 3444 2839 3527 praeconsuli
2878 3443 3372 3507 merchandiae
3406 3464 3539 3525 pro

1913 3538 2333 3621 supradictis
2379 3537 2679 3602 denariis
2724 3537 3085 3601 habendis·

2702 3724 2749 3779 1.

1979 3847 2020 3911 ἦ·
2046 3846 2221 3899 Anno
2244 3845 2533 3899 dominice
2560 3844 2967 3899 incarnationis
2994 3843 3303 3898 millesimo
3324 3850 3543 3897 trecen-

1910 3922 2121 3977 tesimo
2165 3924 2403 3991 octavo}‚
2448 3922 2762 3975 indictione
2806 3921 3079 3988 septima,
3126 3921 3221 3975 die
3264 3934 3421 3973 nono
3464 3918 3545 3972 fe-

1911 3999 2142 4053 bruarii.
2182 4000 2549 4066 Congregato
2574 3998 2815 4051 consilio
2850 3998 3220 4051 merchandie
3256 3998 3543 4050 Cremone

1907 4077 2165 4143 generali
2238 4092 2415 4143 super
2464 4076 2677 4143 palatio
2728 4075 2881 4129 dicte
2942 4074 3340 4138 merchandie,
3394 4089 3542 4126 sono

1907 4168 2190 4221 campane
2234 4161 2293 4207 et
2334 4168 2477 4207 voce
2518 4166 2837 4221 preconum
2885 4168 3048 4205 more
3090 4151 3280 4213 solito,
3320 4150 3375 4203 in
3422 4165 3541 4217 quo

1909 4230 2149 4297 quidem
2180 4229 2426 4284 consilio
2446 4236 2571 4283 erat
2592 4229 2813 4283 domini
2850 4229 3149 4283 Nicolinus
3182 4228 3259 4281 de
3296 4229 3542 4279 Doxeno

1907 4306 2211 4375 preconsul
2256 4306 2647 4368 merchandie,
2684 4315 2745 4359 et
2791 4292 3042 4373 quatuor
3084 4321 3158 4358 ex
3202 4303 3539 4358 consulibus

1907 4384 2060 4438 dicte
2092 4383 2460 4437 merchandie
2482 4392 2542 4437 et
2564 4391 2680 4437 tres
2704 4400 2776 4436 ex
2802 4381 3139 4437 consulibus
3172 4382 3541 4435 comunitatis

1907 4469 1967 4513 et
1985 4460 2317 4527 octuaginta
2338 4459 2696 4514 credenderii
2714 4468 2773 4513 et
2796 4458 2927 4527 plus
2950 4458 3269 4511 secundum
3296 4458 3538 4511 formam

1905 4537 2103 4591 statuti
2122 4537 2509 4601 merchandie,
2531 4536 2799 4590 dominus
2826 4536 3124 4589 Nicolinus
3140 4534 3445 4602 preconsul
3464 4535 3541 4589 de

1905 4614 2200 4668 voluntate
2247 4614 2535 4668 dictorum
2574 4613 2881 4667 consulum
2923 4611 3295 4665 merchandie
3340 4620 3398 4665 01
3446 4628 3541 4666 00-

1905 4690 2199 4745 munitatis
2223 4692 2525 4758 proposuit
2548 4698 2607 4743 et
2629 4690 2935 4743 consilium
2960 4689 3070 4743 sibi
3092 4688 3217 4741 dari
3242 4689 3540 4755 requisivit

1905 4782 2081 4834 super
2116 4768 2504 4835 infrascriptis·

1975 4844 2187 4909 Prim0,
2224 4860 2357 4898 cum
2401 4844 2705 4898 occasione
2745 4842 3021 4897 ’tollendis
3066 4840 3387 4908 represaliis
3422 4858 3539 4909 que

1905 4920 2193 4975 habentur
2214 4930 2414 4975 contra
2436 4936 2687 4975 comune
2712 4920 3101 5001 merchatores
3126 4927 3185 4972 et
3219 4918 3539 4985 singulares

1905 5014 2183 5065 personas
2196 4998 2437 5051 civitatis
2455 5000 2745 5051 Cremone
2768 5013 2871 5063 per
2890 5011 3139 5050 comune
3152 4994 3537 5048 veneciarum

1904 5092 2008 5129 seu
2044 5091 2151 5143 per
2182 5075 2405 5143 aliquas
2440 5074 2759 5142 singulares
2802 5089 3080 5141 personas
3114 5072 3357 5126 civitatis
3388 5072 3540 5125 eius·

1959 5344 2016 5396 (4)
2048 5341 2325 5392 Pradaffisio,
2370 5354 2497 5383 come
2537 5341 2615 5392 gia
2646 5341 2683 5383 si
2726 5344 2835 5383 11010
2877 5340 3067 5393 altrove,
3098 5343 3124 5382 0
3152 5337 3338 5381 l’antico
3370 5339 3530 5381 Prato-

1903 5405 2035 5455 bisio,
2066 5404 2270 5447 l’attuale
2299 5404 2453 5446 Castel
2482 5404 2703 5447 visconti.
