4050 6109
1096 303 1592 358 PROVVISIONI
1637 303 1892 352 DELLA
1937 300 2293 350 GABELLA
2338 299 2619 349 MAGNA
3417 307 3543 366 139·

161 420 3529 459 w

163 569 256 622 vel
295 568 504 636 aliquo
552 567 737 620 modo
773 574 834 618 et
875 562 998 617 iure
1045 559 1433 620 ordinaretur,
1469 561 1813 610 statueretur
1911 549 2199 604 notarium
2258 548 2521 616 ghabelle
2573 566 2781 618 magne
2803 591 2816 614 ,
2871 551 3080 618 scripte
3132 567 3306 618 super
3355 552 3549 606 domo·

161 647 254 698 vel
293 645 468 699 fieret
501 652 705 698 contra
751 641 1042 709 predictos
1089 641 1136 692 F
1137 635 1453 692 lorentinos
1505 634 1564 686 in
1609 647 1812 686 eorum
1914 627 2093 694 ipsius
2127 626 2391 694 ghabelle
2420 626 2477 679 in
2501 627 2674 693 pleno
2707 628 2968 681 consiliio
2991 627 3276 683 dictorum
3311 629 3535 694 sapien-

161 722 497 789 preiudicio
555 721 650 774 vel
701 718 1058 786 gravamine,
1111 713 1366 782 predicta
1424 708 1814 766 notificatione
1911 703 2059 758 tium
2093 703 2171 756 ibi
2206 702 2600 768 congreghato
2634 720 2795 756 more
2830 703 3029 764 solito,
3066 712 3125 758 et
3164 705 3439 770 aprobate
3474 712 3534 757 et

162 799 328 853 dicto
364 799 610 852 comuni
633 807 694 851 et
717 795 1051 849 hominibus
1081 790 1368 846 Florentie
1391 798 1524 843 ante
1561 802 1664 854 per
1689 799 1814 850 pre·
1911 781 2247 834 confirmate
2282 780 2512 832 suerunt
2545 794 2648 845 per
2681 780 2865 834 dictos
2890 779 3177 847 sapientes
3211 797 3411 836 eorum
3438 797 3535 835 ne-

161 875 360 928 dictos
397 885 521 928 tres
557 889 793 928 menses
827 872 1007 926 modo
1041 869 1319 938 predicto,
1345 875 1405 920 et
1427 881 1502 920 ex
1529 879 1681 918 nunc
1716 877 1814 913 au·
1915 858 2071 910 mine
2104 856 2485 944 discrepante.
2593 932 2606 942 .

157 952 432 1006 ctoritate
467 951 757 1018 presentis
793 947 1136 1016 provisionis
1168 947 1284 1000 sint
1317 961 1449 998 casa
1483 951 1544 996 et
1573 957 1722 994 vana
1755 946 1817 992 et
1983 935 2051 987 In
2102 949 2397 1000 presencia
2450 932 2820 986 dominorum
2872 933 3075 988 Guazii
3130 933 3204 986 de
3257 933 3427 988 Claro
3478 942 3537 988 et

161 1029 390 1082 nullius
425 1026 642 1082 valoris
695 1037 756 1081 et
791 1025 1098 1086 momenti,
1136 1032 1195 1077 et
1244 1020 1484 1089 perinde
1537 1019 1815 1072 habeatur
1914 1009 2174 1064 Gabrino
2207 1010 2281 1062 de
2318 1008 2633 1062 Moscardis
2681 1017 2740 1063 et
2783 1011 3075 1064 Gulielmo
3112 1011 3536 1065 Consanonerio

159 1114 221 1158 et
261 1114 541 1158 teneatur
574 1119 642 1157 ac
677 1104 727 1157 si
771 1103 896 1169 ipsa
929 1108 1142 1156 statuta
1185 1115 1287 1152 seu
1337 1094 1674 1151 reformacio
1722 1091 1813 1146 vel
1913 1095 1972 1141 et
2009 1087 2270 1140 Luchino
2322 1084 2397 1139 de
2451 1085 2737 1140 Bonseriis
2778 1095 2838 1140 et
2883 1087 3232 1140 Ghirardino
3280 1087 3355 1140 de
3394 1088 3537 1140 Ala-

161 1182 433 1248 provisio
469 1189 532 1235 et
565 1189 756 1234 totum
792 1179 934 1233 illud
961 1177 1122 1245 quod
1154 1177 1317 1229 fieret
1337 1172 1427 1226 vel
1455 1172 1814 1225 ordinaretur
1915 1164 2115 1218 manis,

161 1259 256 1312 vei
297 1259 526 1312 factum
561 1257 656 1310 vel
691 1255 1022 1310 ordinatum
1059 1269 1174 1306 non
1212 1258 1405 1305 essent
1427 1248 1520 1302 vel
1542 1248 1811 1308 fuissent;
1983 1242 2157 1294 Lecte
2200 1247 2259 1294 et
2308 1239 2597 1306 publicate
2639 1239 2874 1295 suerunt
2914 1240 3297 1306 suprascripte
3347 1241 3535 1307 provi—

162 1343 222 1389 et
261 1335 436 1402 quod
473 1350 683 1388 omnes
731 1341 983 1386 rectores
1027 1338 1088 1384 et
1135 1327 1408 1382 officiales
1450 1323 1714 1379 comunis
1755 1330 1815 1376 et
1913 1317 2106 1371 siones
2140 1331 2243 1383 per
2276 1332 2371 1373 me
2401 1316 2681 1370 Iulianum
2716 1316 2791 1370 de
2813 1317 3033 1370 Trento
3055 1317 3343 1370 notarium
3362 1333 3536 1384 super

157 1412 378 1478 populi
437 1412 732 1466 Cremone
768 1417 828 1463 et
876 1408 1152 1462 abbatum
1187 1412 1248 1458 et
1288 1402 1634 1470 sapientium
1669 1401 1818 1466 gha-
1914 1393 2148 1460 pallatio
2182 1392 2445 1448 comunis
2480 1394 2767 1446 Cremone
2803 1393 2861 1446 in
2885 1393 3126 1448 consilio
3160 1394 3413 1460 generali
3436 1409 3539 1461 po·

163 1487 324 1540 belle
363 1487 650 1554 predicte,
690 1485 791 1555 qui
828 1484 1008 1538 modo
1043 1491 1178 1537 sunt
1216 1489 1275 1535 et
1309 1496 1413 1547 pro
1461 1476 1816 1544 temporibus
1914 1470 2055 1537 puli,
2093 1485 2285 1524 coram
2332 1469 2573 1523 domino
2619 1471 2965 1524 Pantaleone
3007 1470 3083 1524 de
3126 1471 3539 1526 Buzacharellis

161 1573 366 1627 erunt,
415 1563 671 1617 vincullo
719 1560 1062 1615 sacramenti
1114 1565 1417 1613 teneantur
1459 1563 1519 1610 et
1565 1554 1819 1608 debeant
1915 1556 2053 1602 tunc
2087 1547 2386 1613 capitaneo
2420 1547 2640 1613 populi,
2675 1555 2735 1601 et
2768 1547 3147 1601 existentibus
3182 1547 3447 1602 consules
3482 1554 3541 1601 et

163 1641 404 1707 precise
467 1649 528 1694 et
585 1638 992 1694 inviolabiliter
1056 1634 1373 1701 predictam
1429 1631 1816 1698 provisionem
1913 1624 2156 1688 anziani,
2194 1624 2481 1690 presentia
2518 1622 2749 1677 Cabrini
2787 1623 2989 1686 Cuchi,
3032 1625 3283 1679 Bernerii
3320 1624 3393 1677 de
3430 1625 3537 1678 Bo-

159 1718 460 1772 atendere
493 1725 554 1770 et
588 1717 898 1769 observare
934 1721 993 1767 et
1027 1727 1156 1766 eam
1187 1708 1405 1764 attendi
1434 1719 1494 1763 et
1525 1706 1816 1762 observari
1915 1702 2045 1754 zolo
2078 1709 2136 1754 et
2172 1699 2447 1754 Iacomini
2482 1700 2557 1753 de
2595 1699 2923 1762 Lovesellis,
2963 1700 3057 1754 die
3091 1701 3273 1755 sabati
3308 1699 3536 1755 decimo

163 1795 372 1848 facere
393 1811 503 1861 per
523 1807 778 1846 comune
805 1801 864 1844 et
887 1789 1170 1856 populum
1199 1789 1504 1849 Cremone,
1531 1794 1590 1839 et
1613 1799 1818 1837 omnes
1918 1793 2074 1832 nono
2104 1777 2319 1832 marcii.

165 1873 210 1923 F
211 1871 552 1924 lorentinos
575 1881 696 1924 tam
724 1867 970 1922 civitatis
1000 1881 1178 1934 quam
1203 1864 1492 1918 districtus
1529 1859 1818 1948 Florentie

1399 1956 1495 1992 ton
1553 1953 1818 1992 comunis

161 1944 1478 2092 {tabgsszggnegeeregozrgetsseesgibeprgttlelcitbet
1497 1956 1723 2069 eeorum
1759 2014 1818 2066 in
1918 1980 2035 2079 ⁷⁶2
2058 2011 2123 2022 “’
2193 1993 2370 2054 1300,
2418 1995 2620 2038 marc·
2672 1979 2770 2050 ²6⁹
2818 1975 3025 2049 XIII,
3074 1975 3117 2039 l·
3170 1975 3539 2040 cremmlass

161 2101 290 2153 suis
331 2099 641 2167 neghociis
677 2107 736 2152 et
775 2099 938 2152 sactis
973 2105 1032 2150 et
1081 2093 1483 2162 questionibus
1533 2100 1592 2144 et
1632 2090 1819 2144 causis
2001 2087 2077 2130 ²7²
2119 2088 2295 2132 COnS·
2333 2067 2650 2152 gabellae·
2699 2068 2768 2141 C»
2819 2089 2915 2148 74·

161 2171 1298 2319 Zsspfflsssstzn53331112232‘22223?
1310 2171 1820 2300 13555203335553
2001 2202 2324 2266 Provisio
2370 2203 2685 2285 gabellae
2742 2205 2933 2285 quod
2976 2213 3249 2268 ematur
3292 2204 3543 2267 domus

161 2329 452 2384 comunis
486 2329 578 2382 vel
613 2327 818 2396 populi
854 2329 1143 2381 Cremone
1177 2325 1269 2378 vel
1291 2323 1600 2390 alliquibus
1631 2321 1820 2388 provi-
1916 2297 2231 2359 MaZOlae
2277 2297 2366 2359 de
2400 2296 2868 2360 OldOVl’andiS
2902 2297 3037 2360 Sita
3066 2296 3266 2361 iuxta
3295 2297 3539 2360 dOfflOS

161 2406 448 2460 sionibus
490 2406 764 2472 ghabelle
809 2405 866 2458 in
914 2403 1262 2458 contrarium
1295 2399 1666 2468 loquentibus
1701 2413 1819 2452 non
1917 2391 2235 2473 gabellae
2276 2409 2407 2472 pro
2460 2409 2573 2469 125
2618 2390 2775 2452 libr.
2806 2390 3050 2471 imper.
3090 2398 3167 2454 ut
3208 2410 3540 2454 numerus

161 2483 580 2544 obstantibuS,
619 2497 738 2549 que
781 2481 978 2534 omnia
1023 2479 1078 2532 in
1129 2477 1476 2532 contrarium
1515 2474 1819 2542 loquencia
1918 2484 2325 2547 salariorum
2370 2493 2715 2566 augeatur
2756 2495 2827 2546 et
2868 2485 3132 2547 aditum
3176 2483 3539 2566 proprium

163 2561 282 2612 sub
309 2558 594 2626 predictis
617 2558 958 2612 auctoritate
976 2556 1255 2622 presentis
1278 2552 1620 2621 provisionis
1639 2567 1820 2640 quan·
1917 2578 2173 2640 habeat
2218 2577 2497 2660 gabefla
2540 2576 2631 2639 ad
2674 2576 2935 2640 curiam
2980 2577 3294 2659 episcopi
3338 2589 3407 2642 et
3449 2579 3538 2640 ad

163 2645 300 2690 tum
340 2635 418 2688 ad
443 2635 632 2689 dictos
658 2632 1019 2688 Florentinos
1042 2640 1102 2686 et
1128 2630 1506 2686 districtuales
1532 2629 1820 2682 Florentio
1919 2672 2164 2734 domos
2208 2689 2388 2733 suas·

162 2713 286 2767 sint
344 2727 482 2766 case
534 2720 594 2766 et
645 2727 780 2765 casa
830 2720 889 2764 et
933 2710 1146 2766 nullius
1191 2708 1426 2770 valoris;
1465 2714 1524 2760 et
1565 2704 1847 2772 predicta,

167 2789 444 2855 provisio
478 2797 732 2854 ponatur
777 2795 837 2842 et
879 2787 1160 2841 scribatur
1203 2785 1262 2838 in
1297 2783 1592 2839 volumine
1635 2778 1822 2848 provi-

165 2865 416 3008 ἓξὲξ
430 2862 1263 3008 εἷ”ἔῖξῑὲῗὲιῖωωὲἓὲἒιιῗῗι
1281 2857 1823 3004 ἶῗὲἓῖἐοῖἶῖᾞιὲξ
1867 2888 1874 3003 ἶ
1921 2909 2038 2993 77·.
2066 2925 2145 2938 -
2200 2909 2378 2968 ¹³002
2420 2910 2623 2953 ”¹⁰⁷⁶-
2674 2910 2772 2968 30·
2820 2889 3030 2961 Xffl’
3077 2887 3121 2951 ²·
3173 2887 3541 2952 &emm

167 3027 227 3073 et
261 3026 567 3073 teneatur.
2004 3004 2080 3047 tn
2123 3003 2299 3047 cons,
2337 2982 2659 3068 gabellae.
2716 2983 2783 3056 C,
2834 3003 2934 3063 75.

235 3095 404 3148 Cum
441 3096 654 3149 citatus
687 3103 748 3148 et
783 3093 1093 3162 requisitus
1125 3091 1298 3147 suerit
1320 3090 1689 3145 Antoniollus
1713 3089 1824 3178 Co-
2001 3121 2323 3184 provisio
2368 3119 2685 3203 gabeuae
2729 3139 2941 3202 super
3000 3119 3424 3182 ornamentis
3468 3127 3539 3180 et

169 3171 406 3236 minus„
445 3173 590 3226 olim
637 3171 908 3226 terrerius
957 3170 1268 3236 deputatus
1313 3168 1388 3222 ad
1441 3166 1710 3220 standum
1761 3181 1820 3220 in
1867 3204 1872 3237 ,

165 3257 390 3302 terram
456 3247 831 3302 Montexellis
887 3246 1024 3301 olim
1079 3246 1156 3300 de
1211 3245 1476 3312 Ouglinis
1533 3251 1592 3296 et
1649 3243 1822 3296 modo
1865 3254 1872 3301 Ι
1920 3215 2235 3278 vestibus
2278 3213 2637 3278 hominum
2680 3221 2751 3275 et
2794 3213 3181 3276 mulierum·

167 3325 450 3379 comunis
486 3325 800 3388 Cremone,
839 3325 888 3377 si
912 3324 1146 3380 volebat
1169 3323 1228 3376 in
1250 3338 1314 3376 se
1337 3321 1583 3376 retinere
1607 3329 1820 3372 sortem

169 3403 224 3455 ei
269 3403 482 3456 datam
519 3417 624 3468 per
659 3401 952 3468 sapientes
986 3399 1211 3467 gabelle
1248 3400 1534 3453 Cremone
1554 3437 1566 3460 ,
1605 3404 1664 3450 et
1697 3394 1821 3462 ipse
1983 3403 2134 3456 Cum
2170 3418 2274 3469 per
2308 3401 2521 3456 multos
2554 3411 2615 3456 et
2649 3401 2862 3455 multos
2897 3401 3161 3455 homines
3204 3401 3445 3456 civitatis
3482 3407 3541 3454 et

171 3476 618 3545 respondiderit
669 3493 788 3530 non
837 3493 1012 3544 posse
1061 3477 1248 3530 facere
1301 3473 1620 3528 necessaria
1671 3471 1822 3524 dicte
1918 3477 2207 3534 districtus
2242 3479 2529 3532 Cremone
2560 3479 2774 3544 pluries
2816 3479 3035 3532 dictum
3080 3479 3155 3532 sit
3184 3477 3541 3544 sapientibus

167 3563 346 3618 terre,
387 3553 722 3608 secundum
756 3554 918 3622 quod
961 3554 1156 3618 debet,
1193 3561 1426 3619 propter
1459 3547 1824 3616 impossibili·
1867 3510 1872 3649 ξ
1917 3554 2141 3621 gabelle
2177 3554 2336 3622 quod
2371 3555 2728 3622 provisiones
2763 3571 2867 3608 seu
2892 3555 3325 3608 reformationes
3358 3570 3543 3621 nuper

171 3639 356 3684 tatem
379 3647 636 3697 persone
649 3647 770 3686 sue.
793 3631 867 3684 Et
889 3647 1021 3684 cum
1041 3645 1144 3696 per
1165 3629 1450 3682 Iulianum
1471 3626 1548 3680 de
1579 3625 1820 3686 Adeni&
1867 3656 1872 3671 ·
1919 3629 2065 3684 facte
2096 3646 2271 3698 super
2303 3632 2553 3694 coronis,
2581 3631 2925 3685 infrixaturis
2947 3639 3007 3685 et
3029 3631 3155 3684 aliis
3188 3631 3542 3684 ornamentis

172 3707 274 3772 qui
310 3705 532 3760 dieitur
566 3722 697 3760 esse
733 3723 980 3774 persona
1014 3705 1303 3760 sufficiens
1338 3704 1412 3758 ad
1448 3703 1704 3771 predicta
1733 3701 1822 3753 vel
1918 3705 2032 3760 sint
2064 3708 2233 3761 nimis
2269 3708 2573 3762 durissime
2609 3717 2669 3762 et
2701 3709 2965 3771 obscure,
3002 3708 3136 3761 ideo
3170 3707 3409 3773 predicti
3445 3723 3541 3760 sa-

173 3799 280 3849 per
322 3783 512 3836 aliurn
565 3783 694 3838 eius
743 3785 1008 3846 nomine,
1047 3783 1120 3837 sit
1162 3782 1405 3849 petitum
1459 3779 1619 3848 quod
1671 3777 1823 3830 dicta
1916 3783 2141 3849 pientes
2162 3785 2386 3851 gabelle
2411 3784 2487 3838 ad
2510 3784 2999 3838 modificationem
3016 3792 3076 3839 et
3096 3785 3543 3839 declarationem

171 3876 302 3914 sors
338 3859 484 3914 dicti
520 3858 849 3914 Antoniolli
893 3859 946 3913 ei
999 3859 1211 3913 debeat
1242 3857 1558 3925 designari,
1597 3863 1824 3922 paratus
1917 3859 2309 3926 providerunt,
2346 3860 2639 3915 videlicet:

172 3936 368 3990 facere
403 3936 740 3990 secundum
773 3937 936 4004 quod
969 3937 1066 3990 alii
1089 3934 1306 3990 terret-ii
1329 3935 1462 3990 hinc
1497 3941 1644 3986 retro
1678 3931 1823 3984 fece-
1989 3937 2057 3992 ln
2092 3937 2289 4004 primis
2324 3937 2485 4006 quod
2520 3937 2597 3992 ibi
2624 3938 2723 3992 ubi
2748 3937 3017 4005 imposita
3039 3948 3127 3992 est
3150 3953 3299 4004 pena
3322 3938 3378 3990 in
3404 3937 3542 4004 ipsis

173 4023 312 4067 runt
347 4014 666 4068 occasione
701 4013 854 4067 dicte
877 4013 1066 4076 sorti5‚
1103 4021 1161 4066 et
1195 4012 1309 4066 iam
1345 4011 1716 4066 reformatum
1750 4006 1823 4060 sit
1917 4013 2399 4079 provissionibuS,
2437 4014 2597 4083 quod
2642 4030 2760 4067 non
2796 4015 2897 4068 fiat
2940 4015 3029 4069 ius
3074 4014 3131 4067 in
3174 4012 3436 4068 civilibus
3480 4013 3540 4067 in

177 4107 282 4157 per
317 4089 618 4158 gabellam
655 4088 818 4157 quod
840 4089 1092 4156 predicta
1113 4089 1198 4142 eis
1221 4089 1354 4142 fiant
1375 4096 1433 4142 et
1457 4087 1531 4141 de
1554 4083 1823 4152 predictis
1917 4089 2147 4156 agendo
2180 4089 2271 4144 vel
2295 4089 2664 4144 defendendo
2698 4099 2759 4144 et
2790 4090 2950 4158 quod
2985 4089 3061 4144 de
3093 4089 3346 4144 consiliis
3380 4090 3545 4144 aufe-

175 4167 276 4220 fiat
299 4165 608 4232 provvisio
641 4161 746 4232 per
780 4166 1022 4220 abbates
1056 4173 1115 4219 et
1137 4166 1425 4231 sapientes
1458 4163 1702 4231 gabelle.
1733 4161 1824 4214 Id·
1920 4175 2134 4228 rantur,
2171 4167 2331 4234 quod
2366 4167 2463 4220 illa
2498 4167 2675 4220 verba
2708 4167 2822 4221 sint
2855 4181 3019 4220 cassa
3062 4175 3121 4220 et
3153 4166 3312 4234 quod
3350 4166 3539 4220 solum

175 4243 334 4296 circo
359 4243 612 4296 abbates
634 4252 694 4296 et
727 4243 1018 4308 sapientes
1041 4241 1268 4308 gabelle
1304 4257 1513 4308 magne
1537 4242 1822 4294 Cremone
1918 4243 1994 4297 sit
2025 4243 2191 4296 firma
2230 4259 2382 4310 pena
2414 4243 2615 4310 viginti
2652 4245 2910 4311 quinque
2942 4243 3215 4298 librarum
3243 4243 3446 4310 imper.
3482 4252 3542 4296 et

179 4319 591 4386 providerunt,
629 4318 1020 4372 liberaverunt
1053 4327 1112 4372 et
1133 4317 1544 4372 ordinaverunt
1566 4333 1672 4384 pro
1707 4315 1823 4368 evi·
1919 4319 2033 4373 hoc
2065 4320 2255 4374 locum
2292 4321 2503 4374 habeat
2545 4320 2603 4373 in
2638 4320 2921 4386 preteritis
2956 4319 3321 4388 presentibus
3364 4329 3423 4374 et
3458 4319 3541 4372 fu-

177 4397 344 4450 denti
370 4396 624 4450 utilitate
654 4395 902 4461 gabelle,
927 4394 1089 4462 quod
1113 4395 1299 4449 dictus
1323 4392 1690 4448 Antoniollus
1713 4393 1823 4444 Co·
1917 4397 2081 4450 turis,

181 4474 378 4526 minus
397 4474 476 4526 sit
495 4472 774 4525 liberatus
791 4479 850 4526 et
867 4471 1174 4526 liberaliter
1197 4472 1496 4526 absolutus
1513 4471 1586 4524 ab
1607 4468 1823 4535 obliga·
1987 4474 2135 4527 Item
2178 4473 2553 4540 providerunt
2596 4473 2754 4540 quod
2804 4473 2951 4527 sicut
2998 4472 3216 4526 dictum
3250 4481 3341 4525 est
3379 4473 3539 4539 quod

179 4550 344 4603 tione
363 4550 520 4602 sacta
537 4565 644 4614 per
664 4564 804 4602 eum
823 4549 1127 4602 occasione
1143 4549 1305 4617 quod
1333 4547 1571 4601 deberet
1595 4555 1745 4600 stare
1764 4545 1823 4599 in
1919 4549 2335 4617 quinquaginta
2368 4549 2569 4604 botoni
2607 4549 2682 4603 de
2710 4557 2949 4616 argento
2971 4548 3192 4616 possint
3216 4556 3444 4615 portare
3466 4548 3541 4604 ad

178 4626 340 4680 dicta
370 4635 528 4680 terra
565 4625 642 4678 de
677 4626 1067 4689 MontexelliS,
1101 4625 1426 4678 oenzeletur
1450 4625 1526 4677 de
1560 4624 1706 4678 libro
1729 4639 1823 4676 co-
1918 4625 2177 4692 gimeias,
2215 4626 2375 4694 quod
2428 4627 2583 4680 idem
2620 4625 2972 4693 intelligatur
3018 4625 3093 4678 ad
3144 4640 3340 4691 τηρεε,
3376 4625 3543 4680 dum-

181 4703 380 4756 munis
421 4703 720 4757 Cremone
769 4719 873 4757 seu
921 4701 1174 4769 gabelle,
1211 4709 1269 4756 et
1312 4701 1474 4769 quod
1525 4702 1653 4755 loco
1697 4699 1823 4754 eius
1919 4701 2099 4756 modo
2130 4703 2247 4758 sint
2278 4711 2505 4758 tantum
2532 4702 2807 4770 ponderis
2831 4701 3000 4757 unius
3024 4701 3190 4754 unzie
3223 4709 3282 4754 et
3305 4699 3543 4754 dimidie

180 4787 440 4846 ponatur
483 4779 746 4832 Iulianus
798 4778 872 4831 de
908 4779 1164 4843 Adenis,
1201 4777 1467 4832 faciendo
1509 4777 1722 4831 bonam
1765 4783 1825 4831 et
1920 4786 1978 4832 et
2013 4794 2132 4832 non
2166 4777 2363 4846 pluris·

181 4857 464 4910 idoneam
507 4856 882 4910 securitatem
926 4856 1000 4909 de
1052 4855 1317 4909 faciendo
1366 4872 1436 4909 ea
1477 4871 1594 4922 que
1630 4869 1824 4908 neces·
1988 4856 2139 4908 Item
2172 4853 2434 4909 additum
2468 4862 2559 4908 est
2590 4853 2753 4922 quod
2795 4853 2945 4908 sicut
2984 4853 3205 4907 dictum
3246 4860 3336 4907 est
3378 4853 3541 4920 quod

177 4933 336 4987 saria
369 4933 489 4986 sint
517 4933 672 4986 dicte
707 4941 879 4994 terre,
915 4931 1240 4986 secundum
1273 4932 1434 4999 quod
1461 4931 1576 4984 allii
1607 4929 1825 4985 terrerii
1919 4930 2132 4998 portari
2182 4929 2407 4997 possint
2446 4931 2867 4999 quinquaginta
2911 4930 3113 4985 botoni
3164 4928 3241 4982 de
3282 4937 3542 4996 argente,

181 5010 342 5064 dicte
385 5019 543 5064 terre
594 5009 697 5075 qui
743 5009 1072 5062 habuerunt
1121 5017 1306 5062 sortes
1357 5008 1492 5061 hinc
1540 5015 1694 5062 retro
1737 5007 1826 5061 se·
1919 5007 2077 5062 idern
2126 5007 2475 5074 intelligatur
2527 5008 2690 5075 quod
2731 5008 2956 5074 possint
3001 5005 3216 5073 portari
3259 5007 3542 5074 quinqua-

179 5095 410 5140 oerunt.
1920 5085 2081 5152 ginta
2113 5084 2312 5139 botoni
2348 5084 2424 5137 de
2459 5083 2672 5147 cora10,
2707 5084 2767 5138 in
2812 5084 3027 5152 quibus
3078 5099 3197 5136 non
3244 5081 3317 5136 sit
3359 5082 3546 5137 deter-

252 5163 370 5216 Die
405 5163 556 5217 iovis
589 5161 822 5216 decimo
859 5161 1055 5215 marcii
1089 5160 1235 5215 lecte
1271 5169 1330 5214 et
1371 5161 1656 5228 publioete
1697 5159 1826 5214 sue-
1921 5161 2201 5216 minatum
2237 5161 2495 5228 ponduS,
2528 5168 2588 5215 et
2622 5160 2697 5214 de
2750 5160 3014 5228 quolibet
3053 5159 3170 5214 alio
3211 5159 3443 5213 metallo
3484 5169 3545 5214 et

185 5249 326 5292 runt
388 5239 651 5307 predicte
707 5237 1067 5305 provisiones
1123 5238 1398 5292 mandato
1455 5238 1826 5293 dominorum
1921 5237 2305 5302 condictione,
2334 5236 2477 5291 dum
2498 5245 2693 5291 tamen
2714 5253 2834 5291 non
2856 5237 2975 5292 sint
2997 5235 3230 5291 maioris
3252 5236 3545 5290 valimenti

189 5316 422 5381 Ugonis
444 5316 522 5370 de
545 5317 751 5378 Somo,
783 5315 1088 5381 Pellegrini
1110 5314 1186 5369 de
1213 5313 1480 5382 AllegriS,
1509 5313 1826 5370 Baldasaris
1921 5330 2099 5383 quam
2134 5313 2210 5367 de
2243 5322 2483 5380 argento
2518 5321 2578 5367 et
2610 5312 2753 5368 dum
2787 5321 2981 5368 tamen
3016 5312 3231 5380 portari
3266 5328 3371 5366 nec
3406 5312 3545 5379 poni

187 5390 266 5445 de
303 5393 616 5446 Piscarollo
659 5401 722 5447 et
768 5391 1006 5460 Maystri
1051 5389 1342 5444 Michelini
1384 5389 1460 5444 de
1503 5393 1685 5445 Lamo
1729 5392 1828 5446 ab-
1923 5391 2145 5457 possint
2176 5389 2251 5444 ad
2287 5389 2541 5458 aliquam
2563 5398 2784 5444 vestem
2811 5397 3003 5457 preter
3027 5405 3205 5457 quam
3240 5404 3413 5456 supra
3447 5388 3547 5443 de-

187 5468 400 5523 batum
432 5467 724 5536 ghabelle,
753 5483 860 5535 per
907 5483 1004 5523 me
1039 5467 1364 5522 Gufredum
1409 5468 1484 5522 de
1533 5467 1824 5532 Gufredis,
1923 5466 2291 5522 terminatum
2325 5475 2431 5523 est.
