4050 6109
529 311 601 369 72
1521 301 1793 351 CODICE
1837 298 2359 349 DIPLOMATICO
2406 298 2866 349 CREMONESE

521 572 714 611 coram
739 555 926 617 nobiS,
947 553 1386 623 pronuntiamus
1404 552 1708 608 dominum
1733 553 2005 607 abbatem
2027 568 2149 606 mo-

523 633 752 687 nasterii
770 632 949 686 sancti
969 632 1120 699 Systi
1139 631 1468 699 placentini,
1490 631 1726 685 nomine
1745 628 2005 685 eiusdem
2028 646 2149 683 mo-

521 708 772 773 nasterii,
800 708 1143 763 mittendum
1167 724 1296 763 esse
1318 708 1376 760 in
1397 707 1844 774 possessionem,
1869 722 2043 760 causa
2068 706 2149 759 rei

522 785 823 850 servande,
849 794 912 839 ut
930 784 1088 839 tedio
1105 784 1289 839 effecti
1313 785 1545 838 veniant
1561 784 1879 837 secundum
1904 783 2150 837 sormam

523 862 662 917 iuris
695 862 1023 929 responsuri
1074 862 1150 915 de
1184 862 1411 915 duabus
1457 860 1714 915 curtibus
1758 869 1815 914 et
1857 860 2059 913 castris
2092 868 2151 914 et

523 938 880 1007 pertinentiis
903 939 1116 993 scilicet
1141 938 1437 993 Guastalla
1463 947 1522 992 et
1548 938 1802 1001 Luzaria,
1830 936 2149 991 secundum

523 1016 766 1069 sormam
785 1016 843 1069 in
860 1016 1053 1070 libello
1069 1014 1336 1082 petitorio
1356 1014 1852 1081 comprehensam,
1871 1022 1928 1068 et
1942 1012 2151 1067 damus

523 1093 576 1146 ei
613 1094 888 1146 nuncium
929 1101 1188 1147 nostrum
1238 1092 1513 1146 Blancum
1557 1092 1794 1145 nomine
1840 1092 1914 1145 ad
1957 1090 2150 1158 ipsum

522 1170 791 1223 abbatem
828 1170 918 1223 vel
953 1169 1078 1223 eius
1119 1168 1399 1223 nuncium
1441 1167 1786 1223 mittendum
1823 1168 1882 1222 in
1917 1183 2151 1235 posses-

521 1246 744 1300 sionem
781 1244 855 1300 de
902 1246 1172 1313 predictis
1219 1254 1277 1299 et
1322 1246 1512 1312 ipsum
1565 1244 1838 1299 Blancum
1886 1252 2148 1298 nostrum

524 1322 796 1376 nuncium
849 1330 908 1376 et
957 1329 1387 1390 procuratorem
1447 1320 1848 1375 constituimus
1904 1322 1976 1374 ad
2039 1322 2149 1374 hoc

523 1398 948 1467 exequendum.

589 1476 802 1530 Actum
843 1472 1166 1530 Mutine'in
1209 1475 1484 1529 canonica
1527 1475 1707 1529 sancti
1752 1474 1974 1527 Cataldi
2021 1474 2149 1528 seli-

525 1553 680 1607 citer.

594 1630 959 1684 presentibus
995 1638 1052 1683 et
1087 1629 1300 1696 rogatis
1335 1628 1577 1682 testibus
1630 1628 1870 1681 domino
1907 1628 2149 1681 Alberto

527 1706 808 1773 Papiensi,
836 1706 1108 1773 magistro
1131 1704 1444 1767 Ardizone,
1470 1704 1711 1758 domino
1737 1704 1934 1757 Medio
1955 1704 2149 1757 vilano

525 1783 935 1837 mutinensium
973 1783 1246 1850 magistro
1281 1782 1588 1845 scolarum,
1627 1780 1948 1848 presbitero
1987 1783 2150 1833 Bono

525 1859 598 1913 de
635 1859 956 1913 Camiliatio
974 1899 987 1924 ,
1031 1859 1340 1914 Rodulfino
1391 1860 1465 1913 de
1511 1858 1747 1921 Casola,
1789 1858 2151 1912 Bartolomeo

525 1935 766 1998 notari0,
793 1936 1032 1990 domino
1071 1937 1292 1989 Uberto
1327 1936 1401 1989 de
1429 1937 1597 1989 Porta
1634 1934 1976 2001 placentina,
2011 1934 2151 1987 Gui-

523 2012 684 2066 detto
719 2012 794 2066 de
833 2012 1141 2075 RuncalliS,
1169 2020 1228 2065 et
1263 2013 1566 2066 Albertino
1603 2012 1852 2067 Iohanne
1882 2010 2150 2065 Beralde-

524 2089 664 2153 schi,
699 2098 758 2143 et
791 2090 936 2143 aliis·

591 2210 624 2273 -ὲ
668 2211 796 2277 Ego
845 2210 889 2261 F
891 2208 1271 2263 erracaballus
1315 2209 1459 2262 sacri
1503 2208 1716 2275 pallatii
1763 2210 2022 2263 notarius
2068 2210 2150 2263 in-

524 2286 691 2340 terfui
727 2294 784 2341 et
821 2285 976 2340 iussu
1011 2284 1400 2353 predictorum
1436 2285 1689 2339 iudicum
1728 2286 1946 2353 scripsi.

524 2494 619 2555 74.
664 2510 746 2521 -—
801 2494 978 2548 1220,
1029 2473 1115 2537 id.
1165 2474 1254 2538 id.
1301 2474 1396 2547 Α,
1454 2496 1588 2553 191.

611 2610 862 2674 Abbas
907 2610 976 2675 S.
1007 2610 1193 2675 Sixti
1226 2610 1588 2675 constituit
1617 2608 1900 2675 fratrem
1947 2631 2148 2673 suum

526 2705 991 2786 presbiterum
1051 2705 1324 2768 Bonum
1385 2706 1469 2766 de
1528 2703 1901 2767 Camiliazo
1945 2724 2147 2767 suum

522 2807 1042 2881 procuratorem
1075 2799 1164 2861 ad
1193 2798 1670 2879 accipiendam
1703 2807 2015 2861 tenutam
2063 2799 2149 2860 de

527 2900 754 2955 castro
800 2900 870 2953 et
901 2891 1213 2955 curtibus
1257 2890 1658 2955 Guastallae
1698 2906 1767 2955 et
1797 2891 2147 2954 Luzariae.

523 3116 616 3177 75.
642 3134 724 3143 -—-
756 3116 932 3171 1220,
964 3097 1094 3159 dec.
1132 3118 1228 3171 20,
1279 3097 1470 3171 VIII,
1499 3096 1855 3161 Luzariae.
1887 3097 1982 3170 Α,
2005 3104 2146 3161 228.

607 3235 1024 3297 Procurator
1100 3233 1353 3316 prioris
1434 3246 1502 3298 et
1585 3234 2150 3318 archipresbiteri

522 3327 733 3391 tradit
777 3329 1034 3392 nuncio
1079 3328 1352 3391 abbatis
1411 3328 1480 3391 S.
1528 3328 1712 3392 Sixti
1766 3330 2149 3410 possessio-

523 3442 682 3485 nem
721 3423 806 3485 de
835 3432 1022 3485 terra
1051 3432 1120 3486 et
1155 3434 1356 3503 porta
1399 3422 1775 3487 castellarii
1821 3422 1972 3485 sive
2002 3444 2148 3485 mu-

522 3515 808 3577 nitionis
866 3515 1256 3590 Luciariae,
1315 3516 1596 3579 nomine
1651 3516 1864 3580 totius
1911 3516 2147 3580 curtis,

526 3726 768 3877 7624-—
794 3740 1033 3875 61220,
1081 3720 1214 3783 dec.
1263 3740 1374 3791 21,
1449 3719 1652 3791 VIII,
1732 3719 2146 3783 Guastallae.

689 3860 703 3885 ,
755 3834 784 3874 2
837 3834 894 3893 9.

607 3949 800 4011 Idem
854 3949 975 4011 dat
1026 3950 1282 4012 nuncio
1336 3950 1610 4013 abbatis
1663 3960 1974 4014 tenutam
2023 3970 2153 4031 per

523 4052 795 4124 portam
861 4044 1068 4105 castri
1134 4040 1536 4108 Guastallae
1584 4044 1670 4107 de
1713 4044 1869 4125 ipso
1922 4052 2151 4107 castro

521 4136 800 4199 nomine
845 4135 1059 4201 totius
1106 4136 1341 4200 curtis.

524 4342 617 4403 77.
663 4360 742 4369 --
799 4344 1103 4399 1220-21,
1152 4329 1373 4406 (senza
1415 4323 1617 4403 data).
1664 4325 1801 4407 Ap.

610 4462 1115 4527 Testimonium
1184 4458 1453 4525 Azonis
1521 4462 1792 4524 abbatis
1862 4462 1932 4523 S.
1999 4462 2151 4524 Ste-

524 4556 741 4639 phani
806 4557 893 4620 de
959 4556 1295 4630 Bononia,
1361 4556 1552 4636 quod
1617 4556 2016 4619 absolverat
2062 4556 2153 4617 ab

526 4650 1247 4714 excommunicatione
1291 4650 1855 4730 Pandecampum
1893 4659 1963 4711 et
1992 4668 2151 4732 pos-

523 4756 638 4807 tea
700 4742 1074 4806 admiserat
1117 4742 1399 4805 Petrum
1456 4742 1542 4803 de
1601 4742 1894 4817 SuzedO,
1949 4743 2150 4806 muti-

523 4857 811 4902 nensem
877 4836 1317 4909 canonicum,
1387 4846 1462 4898 ut
1539 4834 1928 4917 legitimum
2000 4835 2149 4899 eius

524 4942 1046 5017 procuratorem
1091 4930 1166 4992 in
1210 4939 1359 4993 tota
1402 4948 1630 4993 causa.

529 5144 622 5217 78.
667 5176 749 5183 -
804 5156 1094 5209 1220-21,
1141 5138 1362 5217 (senza
1407 5133 1605 5217 data).
1656 5132 1796 5217 Ap.

611 5272 1088 5343 RaimunduS,
1159 5272 1378 5334 abbas
1443 5270 2010 5341 Nonantulanus,
2082 5280 2151 5330 et

527 5368 719 5449 prior
764 5368 850 5431 de
895 5365 1337 5428 Columbario
1383 5364 1649 5429 iudices
1696 5362 1998 5444 delegati
2063 5363 2150 5424 ab

531 5460 844 5525 Honorio
889 5460 1007 5533 ΙΙΙ,
1055 5458 1304 5522 falsum
1353 5458 1761 5521 denuntiant
1806 5466 1874 5519 et
1914 5456 2154 5518 dicunt

2246 546 2778 611 instrumentum
2824 546 3016 629 quod
3065 542 3479 611 Guilielmus
3530 540 3861 607 Girardus

2247 641 2638 705 introduxit
2683 640 2753 703 in
2793 660 3005 705 causa
3048 658 3281 703 coram
3326 638 3577 702 abbate
3618 636 3693 701 S.
3722 636 3864 700 Ste-

2247 735 2459 818 phani
2504 735 2861 799 Bononiae
2908 742 3149 797 contra
3193 733 3774 813 Pandecampum.

2249 942 2341 1003 79.
2387 923 2687 997 '1220-21,
2732 923 2957 1003 (senza
2998 920 3201 999 data).
3246 918 3386 1003 Ap.

2331 1057 2687 1121 Honorius
2729 1056 2831 1119 III
2872 1076 3001 1138 per
3042 1056 3309 1120 litteras
3352 1053 3696 1137 praecipit
3753 1054 3865 1115 ab·

2246 1153 2389 1216 bati
2436 1152 2924 1215 Nonantulano
2956 1159 3026 1213 et
3055 1149 3271 1232 priori
3301 1150 3389 1213 de
3428 1146 3866 1212 Columbario

2248 1248 2575 1329 quatinus
2654 1244 3067 1308 sententiam
3147 1244 3359 1307 latam
3442 1243 3534 1305 ab
3615 1241 3867 1304 abbate

2248 1340 2317 1402 S.
2364 1338 2703 1421 Stephani
2770 1348 3013 1401 contra
3077 1338 3639 1417 Pandecampum
3692 1332 3873 1396 infir-

2248 1444 2457 1507 ment,
2528 1452 2743 1515 quum
2808 1432 3056 1494 falsum
3129 1431 3557 1493 iudicassent
3618 1428 3868 1491 instru-

2248 1537 2558 1590 mentum
2604 1526 2793 1608 quod
2838 1524 2922 1588 G.
2967 1524 3303 1587 Girardus
3347 1524 3801 1605 allegaverat.

2246 1738 2344 1797 80.
2394 1770 2473 1779 —-
2526 1752 2815 1805 1220-21,
2858 1734 3081 1813 (senza
3124 1730 3324 1811 data).
3368 1728 3507 1813 Ap.

2332 1868 2701 1941 GirarduS,
2764 1868 3139 1931 canonicus
3197 1864 3423 1948 plebis
3482 1862 3553 1927 S.
3597 1862 3869 1926 Nazarii

2250 1963 2337 2025 de
2380 1963 2741 2036 Albaret0,
2789 1959 3197 2024 mutinensis
3243 1958 3563 2033 diocesiS,
3620 1957 3870 2019 subde·

2249 2057 2524 2140 legatus
2569 2077 2610 2118 a
2644 2054 3019 2137 praedictis
3064 2052 3411 2117 iudicibus
3454 2050 3763 2115 infirmat
3806 2064 3872 2112 et

2250 2160 2480 2215 cassat
2542 2149 2957 2213 sententiam
3020 2146 3295 2211 abbatis
3359 2145 3432 2209 S.
3498 2144 3838 2227 Stephani
3856 2192 3869 2215 ,

2250 2244 2666 2308 condemnat
2702 2241 3074 2307 Girardum
3119 2253 3475 2321 tamquam
3520 2248 3871 2302 contuma-

2251 2358 2401 2401 cem
2446 2348 2515 2401 et
2557 2347 2804 2421 postea
2848 2333 3427 2399 excommunicat.

2248 2530 2332 2594 81.
2393 2566 2473 2573 —-
2548 2546 2705 2589 1221‘
2758 2526 2947 2606 (1220
2991 2522 3163 2603 ina),
3222 2520 3361 2585 ian.
3410 2540 3466 2600 5,
3518 2519 3655 2595 IX,
3730 2518 3872 2582 Cre:-

2334 2641 2588 2685 monae.
2633 2619 2727 2695 A,
2783 2638 2918 2697 130,
2969 2637 3091 2696 300
3135 2636 3171 2679 e
3212 2619 3351 2677 aut.

2331 2759 2633 2821 Litterae
2676 2754 2959 2818 Rustici
3001 2752 3255 2836 prioris
3306 2762 3375 2813 et
3405 2747 3871 2827 Pandecampi

2246 2849 2808 2934 archipresbiteri
2840 2850 2929 2911 ad
2960 2856 3377 2928 potestatem
3412 2858 3481 2906 et
3504 2840 3869 2905 consilium

2247 2946 2625 3009 Cremonae
2645 2992 2659 3017 ,
2720 2945 2923 3006 datae
2980 2939 3311 3022 potestati
3370 2949 3529 3001 ante
3593 2936 3871 2997 ianuam

2249 3040 2529 3103 maioris
2559 3037 2914 3108 ecclesiae,
2948 3033 3202 3116 quibus
3234 3030 3566 3093 nunciant
3598 3028 3871 3091 dedisse

2248 3132 2484 3197 abbati
2508 3132 2576 3196 S.
2603 3130 2787 3195 Sixti
2816 3128 3334 3212 possessionem
3365 3122 3664 3187 curtium
3690 3122 3867 3186 Gua-

2250 3228 2589 3291 stallae'et
2619 3224 2951 3287 Luzariae
2981 3223 3081 3285 rei
3114 3219 3503 3283 servandae
3536 3236 3768 3280 causa.

2247 3440 2341 3498 82.
2414 3468 2487 3479 -
2566 3450 2713 3493 1221
2789 3430 2979 3510 (1220
3030 3424 3198 3505 ina),
3267 3420 3403 3485 ian.
3454 3440 3552 3500 23,
3617 3421 3751 3492 IX,
3800 3418 3867 3480 in

2340 3522 2607 3609 Carpio.
2652 3522 2745 3597 Α,
2796 3542 2917 3583 210
2963 3540 2997 3581 e
3040 3521 3181 3581 aut.

2331 3662 2857 3739 Pandecampus
2924 3653 3462 3735 archipresbiter
3533 3648 3869 3733 pecuniae

2248 3774 2607 3827 summam,
2654 3773 2793 3835 quo
2852 3750 3265 3813 Cremonam
3310 3745 3547 3809 veniat
3604 3744 3700 3807 ad
3756 3764 3869 3805 ex-

2247 3849 2653 3914 trahendam
2699 3865 2854 3909 eam
2898 3844 2985 3905 de
3039 3837 3762 3905 excommunicatione
3804 3848 3869 3899 et

2247 3943 2651 4015 interdictO,
2719 3937 2973 4021 repetit
3038 3956 3081 3999 a
3144 3935 3401 4016 Iacopo
3468 3930 3866 4001 Scarcosio‚

2249 4040 2699 4103 ambaxatore
2722 4034 3124 4103 Cremonae,
3146 4049 3276 4113 pro
3308 4026 3640 4108 expensis
3670 4024 3868 4089 factis

2250 4142 2319 4197 et
2360 4129 2669 4203 facturiS,
2715 4136 2786 4191 et
2828 4127 3123 4208 Iacopus
3169 4141 3323 4187 eam
3370 4120 3599 4184 solvit.

2248 4343 2344 4416 83.
2392 4374 2472 4381 —
2527 4354 2674 4395 1221
2730 4335 2920 4415 (1220
2964 4330 3132 4410 ina),
3158 4327 3348 4413 febr.
3390 4352 3439 4400 1,
3475 4327 3605 4398 IX,
3653 4326 3728 4389 in
3753 4331 3867 4410 pa-

2335 4430 2494 4493 latio
2536 4430 2897 4493 Cremonae
2933 4424 3007 4489 in
3034 4424 3237 4508 pleno
3282 4421 3575 4485 consilio,
3613 4422 3707 4495 A,
3750 4440 3861 4497 213

2334 4546 2369 4587 e
2411 4527 2550 4586 aul.

2332 4662 2859 4738 Pandecampus
2902 4654 3073 4717 dicit
3116 4654 3307 4736 quod
3364 4672 3503 4716 non
3548 4651 3863 4715 extrahet

2250 4774 2613 4818 commune
2646 4754 2731 4814 de
2764 4746 3484 4813 excommunicatione
3518 4746 3653 4809 nisi
3675 4743 3863 4827 prius

2247 4851 2534 4911 haberet
2584 4868 2661 4924 24
2721 4844 2934 4907 libras
2996 4843 3238 4924 imper.
3286 4860 3459 4922 quas
3504 4856 3862 4903 commune

2251 4944 2457 5006 debet
2502 4941 2667 5003 dare
2711 4938 2947 5001 abbati
2995 4935 3065 4999 S.
3112 4932 3297 4998 Sixti
3353 4955 3483 5017 pro
3539 4930 3861 5015 expensis

2250 5037 2320 5098 in
2365 5035 2622 5118 placito
2668 5031 2889 5095 factis.

2272 5146 2274 5149 ⁴
2359 5142 2381 5175 Ο

2250 5230 2345 5301 84.
2394 5260 2473 5267 -—
2527 5241 2704 5292 1221,
2750 5218 2837 5281 id.
2886 5217 2973 5280 id.
3018 5216 3111 5289 A,
3166 5222 3282 5295 189
3328 5236 3362 5279 e
3403 5220 3543 5279 aut.

2335 5361 2629 5441 Iacopus
2648 5358 3055 5422 Scarcosius
3072 5364 3344 5418 creatur
3360 5353 3667 5415 sindicus
3684 5368 3853 5413 com·

2252 5456 2479 5517 munis
2510 5456 2598 5517 ad
2628 5452 2885 5535 placita
2914 5470 3069 5515 curn
3101 5447 3523 5511 monasterio
3560 5446 3629 5510 S.
3660 5441 3851 5509 Sixti.
