4050 6109
644 314 818 373 LITE
861 324 1008 373 0οΝ
1056 296 1382 373 L⁴ABATE
1427 324 1507 373 DI
1553 323 1608 372 s.
1657 320 1861 372 S1STo
1903 320 2057 371 PER
2102 308 2561 375 GUASTALLA
2606 328 2653 377 E
2698 303 3057 377 LuzzARA
3446 302 3527 396 69

2468 450 2730 457 ....—.—.-—--—-

185 595 262 651 41.
303 608 384 619 —-
437 574 620 645 1216,
683 568 861 634 mad.
918 590 1032 639 21,
1097 569 1254 643 IV,
1322 566 1672 631 Bononiae
1736 564 1810 629 in
1907 574 2004 648 46.
2053 606 2133 614 —
2189 591 2365 651 1217,
2412 571 2556 635 iun.
2604 576 2661 644 6,
2732 574 2805 643 V,
2855 571 3176 635 Mutinae
3220 571 3291 635 in
3336 594 3528 635 cano-

259 664 670 729 monasterio
715 665 788 728 S.
833 662 1187 749 Stephani.
1233 662 1373 745 Ap.

258 800 625 865 Sententia
689 800 835 863 lata
901 820 1030 881 per
1101 800 1418 863 Azonem
1446 848 1460 873 ,
1535 800 1807 862 abatem

181 896 244 959 S.
287 895 655 979 Stephani,
713 915 852 976 qua
907 896 1326 957 condemnat
1386 894 1809 955 Pandecam-

181 1010 337 1071 pum
384 988 1058 1073 archipresbiterum
1115 988 1186 1051 in
1242 988 1724 1068 praestacione
1770 990 1806 1047 8

180 1084 508 1146 librarum
552 1082 920 1146 Bononiae
965 1081 1340 1146 Guillelmo
1385 1080 1703 1145 GirardO.

177 1328 264 1386 42.
307 1343 394 1353 -
451 1326 636 1387 1217,
684 1304 830 1369 ian.
880 1310 973 1379 18,
1021 1304 1083 1368 d.
1108 1303 1462 1377 Laterani,
1507 1325 1569 1367 a.
1617 1324 1668 1366 1.
1713 1302 1806 1376 A,

263 1406 398 1475 186,
453 1421 600 1481 349.

249 1556 620 1619 Honorius
665 1555 766 1618 111
811 1554 1174 1618 constituit
1218 1555 1524 1635 priorem
1570 1554 1656 1616 de
1681 1553 1806 1617 Co-

176 1652 518 1715 lumbario
583 1659 656 1713 et
733 1649 1396 1732 archipresbiterum
1462 1648 1804 1721 Mutinae,

176 1746 440 1807 iudices
494 1745 864 1827 delegatos
931 1744 1002 1805 in
1069 1764 1279 1807 causa
1321 1741 1646 1806 Gandulfi
1692 1743 1807 1805 ab-

173 1838 344 1901 batis
399 1838 480 1903 S.
525 1839 716 1903 sixti
775 1851 1020 1901 contra
1085 1837 1607 1910 CremonenseS,
1667 1836 1806 1917 qui,

173 1944 323 2013 post
369 1933 984 1997 incoronationem
1031 1931 1344 2005 Ottonis,
1393 1930 1806 1993 solutionem

175 2046 248 2088 20
288 2027 640 2091 librarum
690 2026 990 2107 singulis
1035 2026 1237 2088 annis
1283 2033 1748 2088 cessaverant.

171 2271 258 2329 43.
305 2288 390 2297 -
469 2270 654 2331 1217,
717 2250 896 2313 mad.
943 2268 1000 2329 5,
1072 2250 1145 2321 V,
1205 2248 1280 2311 in
1327 2246 1593 2332 palacio
1637 2266 1808 2309 novo

257 2346 659 2409 Cremonae.
705 2346 801 2416 A,
860 2365 966 2406 121
1021 2364 1058 2405 e
1099 2347 1239 2406 aut.

244 2499 706 2564 Raimondus
729 2498 1082 2581 Hugonus
1111 2509 1426 2579 potestas
1447 2496 1810 2561 constituit

171 2592 597 2657 Umberturn
658 2593 985 2675 Bugnam
1059 2600 1584 2675 procuratorem
1649 2590 1806 2657 Cre-

171 2708 424 2751 monae
501 2698 669 2752 ante
728 2686 1033 2770 priorem
1095 2687 1181 2749 de
1241 2684 1685 2750 Columbario
1737 2694 1808 2747 et

169 2780 844 2863 archipresbiterum
898 2780 1242 2853 Mutinae,
1302 2790 1377 2842 ut
1439 2778 1676 2842 videat
1740 2787 1809 2841 et

169 2876 409 2939 audiat
459 2874 1030 2938 commissionem
1065 2873 1167 2937 eis
1197 2873 1451 2937 factam
1499 2894 1542 2936 a
1583 2872 1810 2954 ponti-

167 2967 292 3032 fice
359 2972 457 3031 de
517 2969 644 3032 lite
703 2988 882 3051 quae
941 2968 1150 3030 debet
1194 2966 1374 3030 verti
1427 2966 1609 3030 inter
1651 2964 1808 3029 Cre-

167 3083 452 3125 monam
499 3072 572 3125 et
618 3062 943 3125 abbatem
989 3061 1058 3123 8.
1106 3060 1311 3126 Sixti.

163 3307 256 3365 44.
305 3322 392 3333 -
431 3304 636 3443 t1217,
687 3284 866 3349 mad.
914 3290 972 3360 8,
1043 3286 1116 3359 V,
1165 3284 1506 3349 Mutinae.
1553 3283 1648 3359 A,
1695 3304 1804 3365 127

242 3401 278 3445 e
321 3402 426 3445 au
463 3426 478 3441 .

241 3517 796 3599 Pandecampus
867 3514 1408 3599 archipresbiter
1475 3525 1545 3578 et
1618 3515 1810 3597 prior

166 3614 248 3675 de
292 3610 760 3675 Columbario
805 3612 876 3675 in
923 3610 1296 3675 concordia
1336 3618 1650 3673 statuunt
1683 3618 1812 3671 ter-

169 3706 438 3769 minum
484 3706 1037 3789 peremptorium
1073 3704 1345 3769 Uberto
1376 3704 1688 3786 Bugnae,
1735 3714 1810 3766 ut

167 3810 494 3880 potestas
541 3798 928 3865 Cremonae
972 3819 1098 3881 per
1144 3819 1219 3862 se
1265 3799 1377 3861 vel
1419 3818 1549 3879 per
1590 3796 1812 3881 legiti-

169 3913 356 3957 mum
446 3895 928 3975 responsalem
1003 3893 1248 3975 quinto
1322 3892 1433 3955 die
1511 3892 1810 3954 intrante

168 3987 357 4049 iunio
410 3986 746 4070 proximo
790 4007 1024 4050 coram
1069 3988 1170 4049 eis
1208 4006 1282 4049 se
1313 3995 1809 4067 repraesentet.

169 4079 491 4159 (Notario
535 4080 674 4143 Iac.
721 4081 809 4143 de
853 4080 1204 4161 Ralucto).

335 4306 448 4371 Id.
481 4302 576 4368 id.
621 4303 698 4367 in
733 4301 1050 4367 canonica
1085 4303 1154 4366 S.
1203 4300 1613 4377 Geminiani,
1646 4303 1807 4365 Mu-

249 4401 464 4465 tinae.
511 4398 610 4471 A,
667 4418 806 4479 127,
855 4417 974 4476 304
1023 4417 1058 4459 e
1100 4402 1241 4461 aut.

247 4554 480 4618 Iidem
513 4552 747 4616 eidem
777 4552 1138 4633 praedicta
1160 4550 1617 4634 praecipiunt.
1651 4550 1734 4633 (N
1739 4570 1806 4611 o-

171 4650 348 4713 tario
393 4646 854 4711 Bertolomeo
898 4645 1104 4727 Suzi).

172 4891 264 4952 45.
325 4908 412 4921 -
484 4888 668 4949 1217,
724 4866 870 4931 iun.
929 4887 984 4945 3,
1065 4866 1138 4941 V,
1199 4864 1273 4928 in
1322 4861 1584 4949 palatio
1638 4884 1808 4927 novo

259 4964 664 5030 Cremonae.
709 4960 806 5035 A,
861 4982 976 5040 123
1024 4980 1060 5023 e
1103 4964 1244 5023 aut.

249 5100 674 5167 Manfredus
742 5096 1058 5163 Strusius
1126 5117 1167 5160 a
1237 5094 1642 5161 Raimundo
1723 5096 1809 5158 de

173 5197 559 5281 Ugonibus
602 5202 972 5277 potestate,
1020 5190 1314 5255 nuncius
1367 5189 1812 5253 constituitur

174 5294 258 5355 ad
325 5310 494 5354 eum
563 5286 1230 5370 repraesentandum
1289 5294 1446 5347 ante
1506 5282 1810 5365 priorem

175 5388 256 5449 de
303 5382 764 5449 Columbario
825 5390 894 5443 et
951 5379 1609 5461 archipresbiterum
1663 5376 1810 5441 Mu-

175 5480 381 5543 tinae.

1990 662 2145 726 nica
2188 664 2259 727 S.
2315 664 2724 729 Geminiani.
2770 666 2865 739 A,
2921 686 3035 745 124
3082 686 3117 728 e
3159 670 3302 730 aut.

1990 800 2193 862 Prior
2236 803 2323 863 de
2367 801 2807 865 Columbario
2866 812 2935 865 et
2992 804 3531 883 archipresbiter

1907 894 1978 955 in
2043 894 2321 957 comuni
2388 896 2761 959 concordia
2824 897 3276 976 pronuntiant
3342 898 3531 978 quod

1907 1006 2202 1051 comune
2248 988 2629 1052 Cremonae
2696 992 2782 1053 ad
2838 990 3207 1053 terminum
3262 1010 3529 1071 perem-

1905 1082 2209 1163 ptorium
2241 1083 2373 1145 sibi
2405 1083 2795 1163 praefixum
2828 1104 2967 1146 non
2992 1084 3185 1148 venit
3216 1085 3306 1147 ad
3334 1104 3529 1166 prae-

1905 1176 2200 1238 sentiam
2274 1196 2514 1240 eorum
2581 1198 2709 1241 nec
2776 1180 3251 1261 responsalem
3308 1189 3527 1241 trans—

1906 1270 2113 1335 misit.

1903 1474 2000 1535 47.
2065 1494 2147 1503 —-
2229 1475 2404 1537 1217,
2451 1455 2595 1519 iun.
2642 1480 2700 1536 9,
2770 1458 2843 1529 V,
2908 1456 2980 1521 in
3036 1456 3295 1541 palacio
3353 1476 3524 1521 novo

2000 1552 2383 1615 Cremonae.
2430 1552 2523 1626 A,
2580 1572 2690 1631 125
2740 1572 2775 1613 e
2818 1556 2959 1615 aut.

1989 1691 2437 1753 Raimundus
2473 1689 2821 1771 Hugonus
2851 1699 3183 1770 potestaS,
3216 1688 3285 1751 in
3317 1688 3527 1771 pleno

1907 1784 2198 1847 consilio
2242 1794 2313 1847 et
2358 1783 2716 1845 voluntate
2770 1784 2952 1855 eiuS‚
3008 1781 3173 1845 facit
3231 1780 3527 1845 Manfre-

1907 1880 2071 1941 dum
2111 1878 2459 1941 Strusium
2504 1876 2847 1939 sindicum
2892 1876 3207 1939 comunis
3250 1877 3339 1939 ad
3384 1876 3526 1957 pla-

1907 1974 2120 2035 citum
2166 1972 2317 2034 sive
2360 1972 2551 2033 litem
2598 1990 2755 2033 cum
2800 1970 3053 2033 abbate
3098 1968 3168 2033 S.
3214 1969 3419 2034 sixti.

1905 2166 2001 2241 48.
2050 2198 2133 2209 —-
2185 2182 2361 2242 1217,
2406 2182 2563 2245 aug.
2614 2182 2712 2241 25,
2784 2161 2857 2234 V,
2904 2158 3226 2222 Mutinae
3290 2156 3363 2221 in
3424 2178 3526 2220 ca·-

1989 2255 2231 2319 nonica
2276 2256 2345 2319 S.
2392 2254 2801 2319 Geminiani.
2834 2253 2927 2328 A,
2974 2273 3109 2332 115,
3160 2272 3278 2331 235
3313 2272 3348 2315 e
3382 2254 3525 2314 aut.

1990 2390 2395 2455 Manfredus
2426 2392 2758 2463 StrusiuS,
2793 2389 3101 2475 sindicus
3124 2388 3526 2463 Cremonae,

1906 2485 2106 2569 eligit
2142 2506 2343 2549 suum
2387 2485 2723 2549 arbitrum
2769 2485 3242 2547 Normannum
3274 2483 3361 2545 de
3389 2482 3528 2545 No-

1907 2579 2037 2649 vis,
2084 2589 2154 2642 et
2197 2577 2585 2642 Gandulfus
2643 2579 2859 2641 abbas
2919 2576 2989 2641 S.
3035 2574 3220 2640 Sixti
3264 2575 3529 2638 Rolan-

1908 2674 2145 2737 dinum
2184 2674 2269 2735 de
2301 2671 2600 2736 Gomula
2629 2668 3040 2733 canonicum
3076 2668 3409 2742 Mutinae,
3442 2668 3532 2729 ad

1908 2767 2474 2849 cognoscendum
2522 2775 2590 2827 et
2623 2763 3092 2827 definiendum
3134 2780 3376 2824 causas
3422 2782 3531 2823 su-

1909 2860 2243 2943 spicionis
2274 2869 2343 2923 et
2374 2858 2832 2921 recusationis
2880 2878 2919 2919 a
2951 2858 3137 2919 dicto
3168 2853 3531 2917 Manfredo

1909 2966 2153 3017 contra
2194 2953 2463 3016 iudices
2511 2952 2872 3034 delegatos
2916 2972 2961 3013 a
3000 2970 3184 3031 papa
3214 2948 3529 3011 Honorio

1908 3050 2237 3131 prolataS.

1906 3253 2004 3314 49.
2050 3272 2133 3281 -—
2184 3252 2363 3313 1217,
2411 3252 2567 3315 aug.
2598 3250 2695 3311 25,
2752 3231 2825 3305 V,
2872 3229 3211 3295 Mutinae.
3255 3230 3349 3303 A,
3392 3234 3526 3305 116,

1997 3334 2117 3408 236
2162 3348 2197 3393 e
2240 3331 2379 3390 aut.

1990 3464 2192 3527 Prior
2236 3464 2323 3526 de
2366 3460 2813 3526 Columbario
2873 3471 2942 3524 et
2993 3459 3531 3541 archipresbiter

1907 3558 2219 3621 Mutinae
2286 3556 2717 3619 constituunt
2790 3554 3161 3617 terminum
3237 3552 3527 3627 sindi00,

1907 3652 2071 3715 hinc
2116 3652 2204 3713 ad
2253 3651 2493 3713 decem
2542 3650 2711 3723 dies,
2757 3650 2845 3712 ad
2876 3648 3368 3730 proponendas
3412 3666 3531 3708 ex-

1909 3744 2269 3826 ceptiones
2338 3762 2815 3825 quascumque
2871 3741 3359 3824 propositurus
3404 3752 3531 3814 est,

1908 3850 1977 3902 et
2022 3840 2113 3901 ad
2145 3839 2484 3901 kalendas
2530 3836 2838 3900 octobris
2884 3835 3191 3917 proximi
3238 3834 3327 3895 ad
3371 3853 3528 3915 pro-

1908 3934 2175 3997 bandas
2220 3952 2359 3995 eas.

1907 4141 2006 4203 50.
2052 4156 2133 4167 —
2190 4140 2366 4201 1217,
2410 4122 2576 4202 sept.
2624 4118 2851 4201 (senza
2896 4116 3108 4201 data).

1991 4255 2261 4318 Causae
2304 4252 2722 4334 suspicionis
2768 4261 3011 4314 contra
3052 4248 3319 4312 iudices
3378 4264 3531 4330 pro·

1906 4350 2086 4413 latae
2130 4370 2171 4411 a
2213 4347 2530 4429 predicto
2576 4346 2843 4410 sindico
2888 4344 3289 4408 Cremonae.

1907 4552 1991 4615 51.
2038 4570 2121 4580 -—
2176 4552 2355 4614 1217,
2400 4536 2564 4617 sept.
2614 4536 2672 4607 6,
2742 4532 2817 4605 V,
2864 4528 3207 4593 Mutinae.

1991 4671 2438 4735 Rolandinus
2470 4679 2541 4733 et
2568 4670 3010 4731 Normannus
3042 4664 3305 4739 arbitri,
3336 4665 3530 4727 Man-

1909 4764 2106 4828 fredo
2141 4764 2414 4829 Strusio
2461 4762 2730 4825 sindico
2762 4759 3141 4824 Cremonae
3188 4760 3354 4822 dant
3396 4770 3531 4821 ter-

1909 4859 2173 4922 minum
2231 4856 2648 4921 ostendendi
2700 4865 2915 4919 testes
2960 4854 3051 4916 ad
3093 4853 3532 4934 probandum

1909 4972 2159 5017 causas
2219 4948 2640 5034 suspicionis
2707 4958 2950 5012 contra
2994 4947 3261 5011 iudices
3302 4946 3377 5009 in
3420 4946 3533 5008 die

1913 5052 1992 5111 28
2037 5044 2473 5127 septembris

1911 5254 2006 5316 52.
2028 5270 2109 5285 -·-
2140 5240 2319 5309 1218,
2343 5236 2509 5316 sept.
2535 5235 2633 5303 28,
2661 5229 2723 5294 d.
2740 5225 3093 5303 Laterani,
3116 5246 3177 5291 a.
3200 5246 3257 5305 3.
3278 5225 3373 5301 A,
3388 5244 3529 5306 350.

1993 5370 2349 5434 Honorius
2394 5370 2495 5432 ΠΙ
2547 5367 2905 5454 priori-de
2964 5362 3408 5429 Columbario
3463 5372 3533 5433 et

1909 5464 2492 5549 archipresbitero
2568 5462 2882 5525 Mutinae
2963 5461 3245 5522 mandat
3308 5456 3533 5540 quati-
