4050 6109
515 299 597 357 40
1523 298 1740 349 CODIC
1747 302 1790 348 E
1835 302 1912 349 DI
1921 302 2121 351 PLOM
2129 304 2353 353 ATICO
2396 304 2855 355 CREMONESE

512 414 3855 453 Μ

513 535 654 591 dum
689 544 884 592 tamen
920 555 1039 593 non
1075 540 1190 593 sint
1225 541 1526 596 bandezati
1566 558 1670 597 nec
1691 544 1983 607 confinati,
2013 562 2144 613 pos·
2188 545 2192 620 j
2240 547 2549 602 restituerit
2572 564 2856 616 expensas
2878 550 3068 605 dictae
3085 558 3319 605 tenutae
3342 560 3402 605 et
3422 552 3726 608 occasione
3750 555 3869 609 eius

513 613 627 668 sint
661 616 857 669 venire
881 617 954 670 ad
992 617 1264 671 standum
1289 617 1378 671 vel
1416 619 1794 675 habitandum
1833 622 1888 674 in
1914 622 2143 676 civitate
2188 655 2193 678 .
2240 624 2433 687 factaS,
2479 641 2631 693 quae
2682 642 2971 693 expensae
3020 636 3287 681 taxentur
3334 644 3439 694 per
3484 629 3731 684 iudicem
3781 632 3867 684 vel

515 692 856 754 Cremonae,
877 702 936 746 et
959 692 1101 746 dum
1125 702 1320 747 tamen
1349 712 1462 747 non
1488 697 1750 751 steterint
1773 698 1830 751 in
1854 698 2143 766 aliquibus
2186 681 2193 704 ⁸

515 768 678 820 terris
713 785 817 822 seu
863 770 1062 823 castris
1105 772 1398 825 communi
1447 773 1768 828 Cremonae
1813 775 2141 837 rebellibuS,
2188 761 2193 821 ἶ

514 851 573 896 et
607 845 904 899 venientes
937 846 1054 901 sint
1087 856 1142 900 et
1179 864 1306 901 esse
1341 849 1727 915 intelligantur
1762 852 1834 904 ad
1873 852 2145 905 mandata
2188 828 2193 936 l

512 922 837 974 communis
874 922 1214 977 Cremonae.

1285 1115 1371 1177 58.

648 1246 904 1299 Rubi-ica
938 1247 1088 1313 quod
1117 1248 1322 1314 aliquis
1357 1266 1466 1301 non
1506 1252 1694 1315 possi!
1721 1250 2016 1303 destruere

661 1323 888 1375 domum
921 1340 1084 1377 suam
1119 1325 1234 1377 nisi
1265 1342 1433 1377 causa
1471 1326 1815 1379 meliorandi
1845 1344 1986 1382 eam.

583 1458 730 1509 Item
767 1457 975 1511 eodem
1015 1457 1316 1511 millesimo
1355 1460 1666 1515 indictione
1703 1471 1761 1515 et
1797 1480 1996 1517 mense
2032 1473 2142 1517 sta-

514 1542 702 1587 tutum
739 1543 845 1596 est,
867 1533 1027 1601 quod
1063 1535 1270 1602 aliquis
1290 1553 1422 1599 ,non
1459 1538 1642 1603 possit
1679 1556 1783 1592 nec
1807 1540 2018 1593 debeat
2045 1542 2141 1593 de-

512 1618 734 1663 struere
769 1612 1020 1678 aliquam
1060 1611 1280 1665 domun
1317 1630 1480 1667 suam
1518 1615 1574 1667 in
1613 1631 1730 1683 qua
1767 1617 1854 1668 ius
1891 1617 2137 1681 habeat,

515 1687 620 1739 nisi
657 1704 786 1741 eam
813 1688 1158 1742 destruxerit
1190 1690 1281 1742 vel
1317 1690 1532 1745 destrui
1571 1692 1766 1745 fecerit
1803 1710 1976 1746 causa
2023 1711 2142 1746 me-

511 1764 754 1816 liorandi
794 1765 880 1817 vel
920 1766 1250 1828 reficiendi,
1289 1767 1364 1820 de
1399 1785 1519 1835 quo
1565 1770 2001 1824 melioramento
2036 1788 2137 1824 seu

511 1840 820 1894 resectione
875 1842 995 1895 fieri
1046 1844 1256 1897 debeat
1308 1846 1462 1897 bona
1507 1854 1566 1899 et
1609 1846 1820 1899 idonea
1865 1848 2141 1902 securitas

514 1917 656 1969 infra
690 1925 920 1984 tempus
955 1936 990 1971 a
1025 1920 1214 1974 iudice
1248 1922 1640 1976 statuendum.
1681 1924 1752 1975 Et
1776 1924 1874 1990 qui
1911 1934 2144 1978 contra-

511 1994 706 2047 fecerit
741 1996 1161 2050 condemnetur
1197 2000 1252 2051 in
1290 1999 1710 2066 quinquaginta
1754 2000 1910 2053 libris
1955 2002 2144 2067 impe—

511 2071 735 2124 rialium
772 2082 829 2125 et
863 2073 994 2137 plus
1031 2083 1090 2127 et
1137 2075 1346 2136 minus,
1383 2084 1556 2142 prout
1599 2076 1838 2131 domino
1873 2080 2143 2144 potestati

509 2148 814 2203 videbitur.
860 2151 931 2203 Et
967 2150 1126 2217 quod
1163 2152 1430 2205 consules
1467 2154 1800 2207 viciniarum
1839 2164 2145 2209 teneantur

509 2224 802 2289 praedicta
839 2226 1132 2281 notificare
1156 2229 1395 2281 domino
1421 2231 1686 2295 potestati
1724 2231 1868 2285 infra
1893 2249 2144 2299 sequen-

511 2310 628 2355 tem
655 2301 810 2356 diem
833 2320 904 2356 ex
931 2320 1050 2371 quo
1076 2306 1198 2371 ipsa
1221 2306 1434 2359 domus
1459 2306 1684 2373 incepta
1709 2309 1877 2362 suerit
1901 2309 2142 2371 destrui,

511 2392 685 2445 super
731 2396 848 2446 qua
895 2381 1332 2436 denuntiatione
1369 2393 1673 2437 teneantur
1716 2385 1990 2439 dominus
2036 2404 2146 2454 po-

513 2464 690 2509 testas
725 2466 783 2511 et
831 2458 954 2510 eius
991 2459 1210 2513 iudices
1245 2461 1578 2526 procedere,
1627 2478 1777 2525 pena
1811 2464 2145 2516 consulibus

514 2548 630 2585 non
668 2532 1141 2589 denuntiantibus
1193 2536 1396 2589 decem
1443 2537 1714 2590 librarum
1761 2538 2141 2604 imperialium

515 2610 869 2663 imminente.

1279 2766 1364 2816 59·

515 2886 608 2937 De
641 2884 1053 2945 lamentatione,
1109 2885 1291 2939 banno
1326 2890 1384 2939 el
1431 2891 1638 2940 tenuta.
1691 2889 1929 2941 Collalio
1977 2891 2147 2943 tertia

577 2964 920 3015 statulorum
954 2962 1264 3015 communis
1307 2968 1364 3015 et
1405 2964 1649 3019 iustiliae
1692 2966 1751 3019 in
1795 2966 1980 3019 causis
2014 2969 2148 3019 civi-

577 3038 738 3093 libus.

588 3177 652 3227 In
688 3176 885 3241 primis
912 3178 1238 3232 MCCCXII
1275 3178 1588 3231 indictione
1613 3178 1838 3232 decima
1869 3188 2147 3235 statutum

517 3261 624 3314 est,
661 3253 820 3319 quod
856 3255 1296 3309 lamentationes
1329 3256 1467 3310 fiant
1501 3256 1576 3308 ad
1612 3256 1864 3309 officium
1902 3257 2149 3310 iustitiae

516 3330 563 3382 si
599 3330 884 3384 ordinarie
919 3333 1283 3397 procedatur,
1323 3350 1484 3387 more
1519 3334 1708 3395 solit0,
1748 3334 1802 3386 in
1839 3334 2052 3399 quibus
2077 3334 2149 3387 sit

515 3414 574 3461 et
608 3407 1055 3473 comprendatur
1091 3425 1305 3462 nomen
1342 3408 1618 3463 debitoris
1654 3418 1712 3463 et
1757 3410 2056 3464 creditoris
2092 3420 2148 3464 et

516 3483 807 3550 quantitas
841 3485 962 3537 sive
999 3503 1089 3539 res
1126 3502 1278 3553 quae
1313 3488 1524 3553 petitur
1559 3495 1617 3540 et
1660 3503 1834 3539 causa
1877 3496 2052 3550 certa,
2092 3496 2148 3541 et

515 3560 674 3626 quod
699 3576 874 3626 super
899 3562 1036 3628 ipsis
1060 3562 1228 3615 detur
1249 3563 1504 3615 bannum
1529 3564 1772 3629 simplex
1797 3563 1904 3617 illis
1923 3565 1998 3615 de
2017 3565 2149 3616 civi-

515 3645 631 3689 tate
666 3646 723 3691 et
759 3637 1048 3691 suburbiis
1072 3640 1144 3693 ad
1183 3640 1413 3693 tertium
1440 3640 1595 3693 diem
1635 3640 1833 3692 utilem
1857 3649 1914 3693 et
1939 3640 2048 3692 illis
2074 3641 2147 3694 (le

510 3712 847 3779 episcopatu
885 3716 956 3767 ad
995 3731 1096 3768 sex
1135 3716 1257 3770 dies
1300 3716 1485 3769 utileS.
1525 3718 1690 3782 Quae
1728 3718 1918 3769 banna
1955 3726 2012 3770 et
2037 3718 2146 3770 alia

511 3790 702 3843 banna
737 3790 1015 3857 simplicia
1051 3802 1108 3846 et
1144 3793 1414 3859 duplicia,
1453 3811 1604 3861 quae
1642 3794 1932 3847 dabuntur
1958 3795 2032 3847 de
2058 3812 2147 3847 ce—

513 3860 636 3919 tero
672 3884 864 3922 coram
902 3869 1098 3937 aliquo
1134 3870 1323 3923 iudice
1361 3871 1451 3923 vel
1489 3870 1737 3931 officiali,
1773 3888 1886 3924 non
1924 3872 2147 3936 possint

511 3944 680 3997 scribi
717 3944 772 3996 in
811 3945 950 3997 actis
985 3960 1054 3998 ea
1096 3945 1191 3999 die
1227 3964 1343 4013 qua
1386 3948 1818 4001 denuntiantur.
1869 3949 1940 4001 Et
1985 3947 2143 4015 quod

511 4021 838 4085 perentoria
901 4038 1052 4089 quae
1113 4022 1320 4077 dantur
1379 4024 1725 4078 haeredibus
1785 4034 2143 4078 mortuorum

512 4097 719 4151 dentur
755 4097 828 4151 ad
867 4115 966 4152 sex
1003 4100 1128 4153 dies
1153 4100 1320 4155 utiles
1346 4110 1402 4155 et
1427 4118 1541 4154 uon
1581 4102 1900 4155 scribantur
1925 4103 1978 4155 in
2005 4103 2145 4156 actis

513 4190 690 4240 penes
727 4175 1218 4241 lamentationem,
1245 4177 1346 4231 sed
1373 4178 1532 4246 quod
1560 4178 1692 4231 inde
1720 4178 1816 4231 siat
1851 4180 2143 4245 publicum

511 4252 956 4306 instrumentum
982 4271 1084 4320 per
1104 4272 1506 4323 quoscumque
1527 4256 1779 4310 notarios
1800 4258 2143 4319 Cremonae,

509 4345 661 4396 quae
700 4331 1023 4396 perentoria
1067 4330 1360 4385 cridentur
1404 4348 1507 4398 per
1552 4332 1832 4386 currerios
1879 4333 1930 4386 in
1979 4336 2146 4387 scalis

513 4406 706 4472 palatii
741 4415 798 4460 et
834 4423 1010 4472 super
1044 4409 1344 4475 arengerio
1380 4409 1606 4475 plateae
1643 4411 1874 4464 maioris
1911 4419 1969 4464 et
2012 4421 2146 4465 ante

512 4483 720 4536 domos
757 4494 1138 4549 mortuorum,
1172 4486 1229 4538 in
1267 4486 1479 4552 quibus
1516 4487 1850 4539 habitabant
1884 4498 2145 4555 tempore

511 4560 661 4613 vitae
697 4574 919 4624 eorum,
959 4570 1016 4614 et
1052 4562 1250 4615 relatio
1288 4563 1594 4627 perentorii
1619 4563 1898 4617 scribatur
1923 4564 1978 4617 in
2007 4565 2147 4618 actis

510 4653 691 4703 penes
736 4637 1207 4691 lamentationem
1257 4648 1314 4691 et
1361 4655 1570 4692 nomen
1619 4640 1823 4693 notarii
1866 4642 1964 4708 qui
2015 4643 2147 4697 fecit

511 4722 726 4767 cartam
763 4715 1090 4781 perentorii.
1144 4716 1217 4769 Et
1253 4716 1411 4781 quod
1461 4716 1596 4781 ipsis
1639 4716 2146 4771 lamentationibus

512 4791 930 4857 respondeatur
963 4791 1314 4857 simpliciter,
1352 4792 1683 4845 confitendo
1719 4792 1806 4845 vel
1856 4794 2143 4859 negandO,

513 4867 669 4922 nulla
703 4868 1044 4935 exceptione
1081 4868 1353 4929 admissa,
1393 4870 1568 4922 etiam
1605 4870 1844 4924 absente
1881 4880 2061 4935 parte,
2088 4880 2145 4925 et

511 4944 674 4997 aliter
708 4960 826 4997 non
863 4945 1052 4998 valeat
1086 4945 1405 5010 responsio.
1446 4947 1519 4998 Et
1554 4946 1602 4999 si
1639 4946 1815 4999 modo
1851 4948 2146 5013 praedicto

512 5036 852 5087 responsum
892 5036 1006 5073 non
1045 5022 1231 5082 fuerit,
1270 5022 1624 5085 lamentatiO,
1652 5023 1908 5076 bannum
1947 5032 2006 5077 et
2042 5041 2147 5088 pe—

511 5097 887 5164 remptorium
923 5113 1098 5164 super
1133 5097 1270 5163 ipsis
1307 5098 1442 5151 data
1476 5099 1756 5151 habeatur
1803 5116 1907 5166 pro
1942 5101 2143 5161 cursiS,

513 5183 569 5226 et
606 5182 805 5228 tenuta
841 5174 964 5227 dari
997 5176 1176 5241 possit
1210 5176 1284 5229 de
1331 5176 1525 5228 banno
1561 5176 1954 5239 contumaciiS,
1995 5194 2145 5244 quae

509 5259 710 5303 tenuta
745 5252 914 5304 scribi
951 5251 1163 5305 debeat
1197 5268 1298 5319 per
1323 5254 1610 5305 notarium
1647 5252 1819 5305 officii
1854 5270 2033 5320 penes
2068 5254 2146 5307 la-

511 5328 924 5382 mentationem
963 5336 1021 5381 et
1059 5346 1270 5383 nomen
1309 5329 1515 5383 notarii
1561 5330 1660 5395 qui
1706 5330 1855 5384 fecit.
1909 5332 1982 5383 Et
2028 5346 2143 5383 non

511 5404 777 5459 audiatur
795 5421 901 5459 nec
929 5406 1232 5471 recipiatur
1253 5406 1554 5474 responsio
1581 5407 1726 5459 illius
1744 5415 1942 5460 contra
1966 5424 2141 5473 quem

511 5478 644 5533 data
679 5480 848 5535 suerit
885 5490 1102 5547 tenuta,
1130 5492 1188 5537 et
1211 5492 1440 5549 recepta
1467 5500 1583 5537 non
1609 5483 1814 5547 valeat,
1851 5483 1957 5536 nisi
1984 5484 2141 5551 prius

2240 701 2563 767 officialem,
2600 703 2709 755 sub
2734 720 2853 765 quo
2878 704 3013 758 data
3037 704 3164 758 erit.
3205 706 3278 759 Et
3303 705 3463 772 quod
3502 705 3595 759 ille
3619 708 3714 761 cui
3740 707 3870 761 data

2240 778 2410 832 suerit
2443 779 2597 833 dicta
2621 787 2821 833 tenuta
2844 781 3095 835 lucretur
3116 782 3333 835 fructus
3357 781 3457 843 rei,
3496 782 3571 835 de
3596 801 3715 851 qua
3740 784 3869 839 data

2240 854 2408 909 fuerit
2442 856 2595 911 dicta
2629 866 2849 911 tenuta.
2890 858 2962 910 Et
3004 858 3185 925 quod,
3225 875 3295 912 ea
3335 857 3491 921 data,
3530 876 3647 913 non
3694 862 3871 927 possit

2241 932 2361 985 fieri
2388 935 2680 999 expeditio
2706 935 2968 988 eiusdem
2993 935 3051 988 in
3076 936 3304 990 civitate
3328 946 3389 991 et
3422 937 3717 992 suburbiis
3744 950 3871 1005 post

2238 1010 2471 1064 tertium
2508 1012 2663 1065 diem
2700 1021 2757 1065 et
2802 1012 2859 1065 in
2906 1014 3241 1080 episcopatu
3288 1030 3391 1067 seu
3438 1013 3698 1069 districtu
3744 1026 3873 1083 post

2240 1086 2497 1154 quinque
2532 1088 2659 1142 dies
2694 1089 2999 1143 continuos
3035 1106 3107 1143 ex
3144 1107 3263 1158 quo
3299 1091 3452 1145 dicta
3496 1100 3697 1146 tenuta
3742 1092 3873 1147 data

2239 1163 2424 1229 fuerit,
2462 1166 2537 1219 de
2582 1183 2699 1233 qua
2742 1174 2942 1220 tenuta
2988 1166 3133 1220 solvi
3184 1168 3437 1221 debeant
3488 1176 3603 1222 tres
3654 1168 3871 1223 denarii

2238 1242 2571 1296 consulibus
2606 1252 2665 1297 et
2702 1244 2935 1297 notariis
2971 1242 3162 1308 officii,
3202 1245 3374 1298 etiam
3412 1246 3458 1299 si
3504 1254 3707 1300 tenuta
3744 1246 3873 1299 data

2239 1320 2407 1373 fuerit
2442 1327 2640 1373 contra
2676 1320 2887 1387 plures,
2929 1320 3041 1387 Qui
3091 1320 3310 1375 denarii
3348 1322 3465 1375 dati
3510 1338 3687 1375 causa
3731 1324 3875 1376 ban-

2238 1413 2445 1449 norum
2484 1398 2751 1451 datorum
2788 1397 2862 1451 ad
2898 1397 3152 1451 officium
3189 1399 3487 1453 coblarum
3525 1407 3583 1453 et
3625 1399 3873 1453 iustitiae

2238 1474 2351 1527 sint
2386 1475 2690 1528 consulum
2728 1483 2787 1527 et
2822 1475 3173 1529 notariorum
3201 1474 3335 1528 dicti
3374 1476 3543 1529 officii
3579 1492 3688 1543 pro
3710 1476 3874 1530 cartis

2238 1550 2500 1604 emendis
2525 1560 2581 1604 et
2604 1551 2789 1605 feudis
2817 1552 3142 1605 consulum.
3183 1554 3254 1605 Et
3277 1552 3436 1619 quod
3466 1552 3671 1607 notarii
3710 1555 3871 1619 ceppi

2239 1629 2490 1682 habeant
2538 1629 2729 1681 banna
2766 1627 2900 1681 data
2936 1628 3008 1681 ad
3048 1628 3301 1683 officium
3338 1630 3503 1695 ceppi
3548 1646 3652 1696 pro
3687 1630 3870 1685 cartis

2187 1708 2193 1792 Ι
2240 1734 2305 1742 —-
2345 1706 2491 1758 Item
2527 1714 2803 1759 statutum
2841 1713 2928 1758 est
2972 1704 3130 1771 quod
3178 1705 3399 1768 banna,
3435 1706 3876 1761 lamentationes

2241 1790 2298 1836 et
2346 1783 2671 1848 perentoria
2716 1790 2773 1835 et
2828 1798 3031 1835 omnes
3085 1799 3387 1849 processus
3432 1782 3532 1849 qui
3582 1783 3727 1836 fient
3778 1800 3877 1836 oc-

2240 1860 2470 1912 casione
2506 1859 2929 1925 praedictorum
2965 1868 3163 1913 contra
3206 1860 3361 1913 cives
3396 1861 3745 1923 Cremonae,
3780 1862 3875 1928 qui

2240 1946 2536 1989 morantur
2570 1944 2731 1989 extra
2766 1936 3085 1990 districtum
3123 1938 3445 1989 Cremonae
3481 1952 3615 1990 cum
3652 1937 3876 1991 familiis

2242 2028 2442 2066 eorum
2468 2013 2556 2066 vel
2584 2013 2683 2079 qui
2721 2020 2855 2066 sunt
2889 2014 3159 2066 absentes
3195 2022 3355 2066 extra
3379 2012 3701 2067 districtum
3740 2014 3877 2067 Cre-

2242 2106 2469 2151 monae,
2520 2090 2742 2157 possint
2789 2098 2847 2144 et
2898 2089 3151 2143 debeant
3204 2090 3407 2142 cridari
3458 2089 3514 2142 in
3568 2090 3740 2143 scalis
3786 2108 3875 2158 pa-

2243 2166 2357 2219 latii
2396 2174 2453 2219 et
2500 2168 2553 2220 in
2600 2168 2789 2233 platea
2835 2167 3035 2219 maiori
3082 2183 3255 2233 super
3304 2166 3606 2233 arengerio
3643 2176 3705 2221 et
3748 2178 3875 2220 ante

2244 2242 2451 2295 domos
2488 2260 2589 2296 seu
2626 2253 2956 2297 casamenta
2994 2244 3049 2297 in
3087 2244 3299 2311 quibus
3345 2242 3606 2297 habitare
3641 2259 3877 2298 consue-

2242 2328 2461 2383 verant,
2489 2321 2545 2373 in
2582 2320 2807 2374 civitate
2844 2322 2931 2374 vel
2969 2320 3186 2387 burgiS.
3228 2322 3301 2374 Et
3336 2321 3383 2373 si
3417 2319 3629 2373 domos
3666 2322 3757 2373 vel
3792 2338 3877 2374 ca-

2242 2406 2503 2449 samenta
2556 2413 2671 2450 non
2727 2398 3023 2461 haberent,
3073 2398 3196 2450 dari
3232 2396 3321 2450 vel
3367 2396 3573 2451 cridari
3626 2396 3877 2452 debeant

2244 2482 2467 2527 tantum
2506 2474 2561 2526 in
2599 2473 2765 2527 scalis
2800 2474 2995 2539 palatii
3030 2484 3089 2528 et
3135 2474 3191 2526 in
3238 2474 3429 2541 platea
3466 2474 3672 2527 maiori
3710 2490 3877 2541 super

2243 2551 2563 2617 arengeriO,
2601 2567 2667 2603 ac
2704 2551 2951 2617 probent
2986 2560 3043 2604 et
3078 2552 3307 2605 valeant
3332 2568 3398 2603 ac
3434 2551 3481 2603 si
3517 2551 3657 2604 data
3694 2560 3753 2605 et
3788 2552 3875 2605 de·

2246 2628 2505 2683 nuntiata
2527 2638 2718 2681 essent
2741 2628 2824 2681 eis
2850 2628 2938 2681 vel
2977 2628 3247 2682 domibus
3272 2628 3361 2681 vel
3400 2626 3625 2681 familiis
3654 2644 3874 2682 eorum.

2247 2706 2319 2757 Et
2354 2704 2647 2770 praedicta
2681 2704 2873 2758 locum
2917 2706 3168 2759 habeant
3194 2706 3368 2759 etiam
3405 2705 3461 2757 in
3499 2705 3767 2771 personis
3802 2706 3880 2759 so·

2247 2782 2519 2834 rensium.
2550 2782 2620 2834 Et
2647 2780 2824 2834 modo
2851 2790 2907 2835 et
2932 2782 3115 2835 forma
3134 2782 3253 2835 dari
3280 2782 3462 2850 possit
3486 2782 3877 2849 perentorium

2246 2857 2591 2911 haeredibus
2610 2858 3030 2924 praedictorum
3052 2858 3475 2913 defunctorum.
3500 2860 3573 2912 Et
3590 2859 3879 2926 praedicta

2245 2936 2437 2988 locum
2460 2935 2710 2988 habeant
2730 2934 2786 2987 in
2814 2936 3211 3001 praesentibus
3237 2934 3555 3002 praeteritis
3574 2944 3633 2989 et
3660 2934 3876 2990 suturis.

3014 3195 3099 3245 60.

2894 3340 2988 3393 De
3020 3340 3228 3392 eodem.

2313 3489 2459 3541 Item
2496 3486 2707 3540 eodem
2744 3486 3049 3539 millesimo
3087 3486 3399 3539 indictione
3434 3492 3492 3539 et
3530 3501 3735 3539 mense
3768 3494 3873 3538 sta-

2244 3572 2431 3617 tutum
2468 3572 2574 3626 est,
2604 3563 2765 3630 quod
2799 3570 2999 3616 tenuta
3023 3573 3079 3615 et
3104 3562 3397 3629 expeditio
3430 3570 3668 3617 tenutae
3696 3563 3871 3629 possit

2244 3641 2365 3694 fieri
2401 3650 2459 3693 et
2492 3640 2671 3705 accipi
2710 3639 2969 3705 quolibet
3004 3639 3119 3700 die,
3157 3640 3297 3692 dum
3325 3649 3519 3693 tamen
3544 3638 3871 3693 commissio

2242 3717 2316 3770 de
2352 3717 2657 3783 praedictis
2693 3716 2787 3768 die
2826 3714 3061 3768 iuridica
3099 3716 3245 3767 facta
3271 3714 3458 3769 suerit.
3488 3714 3562 3768 Et
3584 3715 3747 3782 quod
3773 3731 3872 3780 pe-

2244 3794 2615 3859 remptorium
2672 3792 2831 3859 quod
2886 3792 3055 3845 datur
3108 3791 3342 3845 haeredi
3396 3792 3649 3845 defuncti
3704 3808 3871 3859 super

2192 3907 2197 3932 .
2241 3870 2745 3924 lamentationibus
2770 3870 2950 3936 possit
2970 3868 3297 3922 denuntiari
3320 3868 3581 3936 quolibet
3596 3869 3713 3931 die,
3734 3870 3868 3922 dum

2244 3958 2435 4001 tamen
2472 3947 2717 4000 nuncius
2753 3947 2935 4000 sactus
2972 3946 3140 3999 fuerit
3174 3945 3270 3999 die
3296 3944 3554 4006 iuridica,
3582 3946 3743 4013 quod
3779 3962 3869 4011 pe-

2244 4024 2614 4091 remptorium
2650 4024 2883 4091 incipiat
2912 4040 3141 4077 currere
3170 4040 3205 4077 a
3238 4023 3335 4077 die
3370 4021 3662 4077 relationis
3700 4022 3868 4089 ipsius

2243 4102 2486 4168 scriptae
2531 4102 2587 4154 in
2633 4102 2792 4155 actis.
2852 4102 2926 4154 Et
2972 4116 3144 4167 super
3188 4100 3451 4167 quolibet
3492 4100 3691 4153 banno
3726 4098 3865 4153 civili

2244 4178 2425 4245 possit
2458 4178 2580 4231 dari
2626 4186 2825 4231 tenuta
2860 4194 3011 4244 quae
3051 4177 3337 4230 scribatur
3380 4192 3559 4243 penes
3594 4177 3864 4237 bannum,

2246 4265 2307 4309 ut
2342 4271 2515 4320 supra
2539 4254 2755 4309 dictum
2781 4263 2886 4308 est.
2918 4254 2991 4307 Et
3011 4254 3185 4308 etiam
3210 4254 3392 4321 possit
3414 4253 3673 4320 expediri
3698 4252 3867 4306 modo

2244 4332 2537 4398 praedicto
2572 4340 2631 4385 et
2668 4331 2788 4384 fieri
2826 4330 2984 4384 datio
3020 4331 3078 4385 in
3120 4329 3397 4385 solutum.
3446 4331 3519 4383 Et
3553 4329 3713 4397 quod
3750 4345 3868 4382 cre-

2242 4410 2410 4469 ditor,
2450 4417 2756 4475 postquam
2794 4408 3014 4473 accepit
3058 4416 3315 4461 tenutam
3352 4408 3427 4460 de
3472 4423 3531 4460 re
3578 4406 3863 4465 debitoriS,

2244 4502 2362 4538 non
2404 4486 2585 4551 possit
2620 4485 2872 4538 vendere
2918 4484 3007 4537 vel
3059 4486 3310 4538 alienare
3354 4485 3411 4538 in
3458 4482 3864 4551 praeiudicium

2243 4561 2537 4615 debitoris·
2588 4564 2659 4615 Et
2706 4562 2752 4615 si
2788 4560 3195 4631 [alie]naverit‚
3246 4562 3471 4615 resectis
3514 4560 3780 4626 expensis
3813 4568 3865 4612 et

2243 4639 2389 4692 facta
2425 4640 2801 4705 responsione
2848 4638 3263 4702 lamentationi,
3311 4638 3436 4706 ipsa
3471 4645 3669 4691 tenuta
3714 4653 3863 4689 revo-

2242 4724 2401 4769 cetur
2420 4724 2477 4769 et
2496 4724 2862 4782 recuperetur
2880 4732 3059 4781 penes
3083 4730 3510 4783 quemcumque
3528 4713 3858 4779 pervenerit,

2243 4808 2357 4846 non
2403 4792 2671 4846 obstante
2717 4793 2839 4859 ipsa
2886 4791 3251 4845 alienatione.
3306 4793 3378 4844 Et
3422 4807 3456 4843 e
3496 4798 3695 4844 contra
3738 4806 3861 4842 reus

2242 4877 2561 4923 conventus
2596 4870 2669 4923 de
2695 4884 2813 4936 quo
2838 4868 2985 4921 sacta
3020 4868 3188 4921 fuerit
3222 4866 3555 4921 lamentatio
3578 4866 3655 4920 de
3678 4866 3859 4932 aliqua

2244 4962 2303 4998 re
2340 4962 2457 4999 non
2492 4947 2675 5012 possit
2699 4946 2881 5012 ipsam
2907 4961 3027 4998 rem
3052 4943 3303 4997 alienare
3326 4952 3632 5011 postquam
3657 4942 3859 4996 lamen-

2242 5022 2382 5075 tatio
2417 5023 2623 5075 sactam
2648 5022 2835 5082 suerit,
2862 5031 2920 5075 et
2954 5021 3223 5075 alienatio
3252 5022 3401 5075 sacta
3424 5036 3541 5073 non
3564 5020 3764 5073 valeat.
3792 5020 3857 5071 Et

2244 5098 2587 5165 intelligatur
2610 5098 2797 5151 dictus
2832 5106 3169 5161 conventuS,
3198 5114 3349 5165 quae
3376 5096 3707 5164 possidebat
3726 5105 3857 5149 tem·

2241 5190 2381 5240 pore
2417 5175 2861 5237 lamentationiS,
2888 5176 2943 5227 in
2983 5175 3237 5230 futurum
3260 5174 3560 5241 possidere
3585 5190 3764 5241 usque
3788 5172 3853 5224 ad

2241 5260 2469 5319 tempus
2506 5252 2823 5305 sententiae
2868 5251 3017 5305 latae
3062 5252 3135 5306 de
3181 5252 3506 5319 praedictiS.
3555 5252 3627 5303 Et
3670 5258 3854 5303 contra

2242 5344 2377 5381 eum
2421 5330 2603 5395 possit
2648 5329 2768 5383 fieri
2814 5330 3078 5383 executio
3113 5328 3431 5382 sententiae
3467 5329 3616 5381 latae
3648 5342 3746 5393 per
3780 5326 3853 5378 iu-

2240 5406 2426 5458 dicem
2464 5422 2529 5459 ac
2567 5407 2612 5459 si
2650 5406 2988 5473 possideret,
3034 5414 3123 5460 set
3170 5406 3341 5460 etiarn
3391 5414 3589 5459 contra
3636 5419 3853 5471 posses-

2241 5497 2448 5537 sorem.
