4050 6109
1091 321 1593 376 PROVVISIONI
1639 321 1895 372 DELLA
1939 320 2297 370 GABELLA
2343 319 2566 372 MAGN
2570 319 2626 368 A

171 570 522 652 pullorum
547 618 564 643 ,
637 569 776 632 iam
837 569 1078 632 datum
1139 571 1229 632 ad
1285 568 1640 632 incautum
1685 567 1808 632 Ca-

169 664 364 725 brino
412 664 504 726 de
551 663 960 735 ArmeliniS,
1009 663 1130 744 qui
1174 673 1422 744 postea
1467 662 1648 724 dixit
1690 682 1810 742 pa-

173 767 391 819 ratum
441 777 601 820 esse
646 757 878 837 ipsum
925 756 1263 830 relaxari,
1327 757 1529 818 detur
1592 756 1810 838 pulla-

171 851 332 914 rolis
379 851 636 914 iisdem
681 851 927 934 pactis,

241 1053 616 1120 Infrascripte
681 1061 820 1106 sunt
871 1053 1233 1120 provisiones
1283 1053 1432 1106 facte
1481 1068 1586 1118 per
1642 1052 1818 1105 infra-

173 1131 415 1197 scriptos
466 1131 764 1204 sapientes
805 1130 1032 1197 gabelle
1086 1145 1298 1196 magne
1351 1131 1669 1194 cremone,
1708 1129 1818 1182 sub

175 1207 487 1260 millesimo
541 1208 952 1261 trecentesimo
1003 1222 1194 1270 nono,
1233 1205 1546 1261 indictione
1593 1215 1817 1268 octava,

167 1285 238 1338 de
273 1301 482 1338 mense
517 1285 845 1338 setembriS.

234 1361 532 1416 Zoaninus
568 1362 645 1415 de
680 1361 889 1423 Tintis,
930 1361 1112 1414 habas
1145 1390 1212 1398 —
1245 1361 1544 1414 Nicolinus
1585 1359 1660 1413 de
1697 1359 1820 1413 Na-

173 1438 332 1492 xellis
369 1467 442 1478 —
480 1439 780 1492 Luchinus
815 1438 891 1491 de
929 1437 1218 1492 Bonseriis
1251 1467 1318 1476 ——·
1357 1437 1724 1503 Boninsegna
1746 1436 1820 1488 de

175 1515 618 1570 Columbarollo
654 1543 718 1555 -
759 1515 1044 1568 Martinus
1079 1515 1154 1568 de
1191 1514 1383 1568 Gadio
1419 1543 1482 1553 —
1521 1512 1822 1580 Egidiolus

169 1594 240 1645 de
279 1593 538 1646 Habatis
571 1621 640 1631 —-
669 1592 969 1645 Nicolinus
1003 1592 1079 1644 de
1105 1592 1415 1645 Cavaleriis
1437 1621 1506 1629 —
1537 1590 1822 1643 Cabrinus

165 1670 240 1721 de
275 1670 462 1723 Moris
497 1699 568 1708 —
591 1669 954 1736 Supramons
973 1668 1048 1721 de
1073 1669 1301 1722 Amatis
1325 1697 1394 1707 —
1421 1667 1722 1734 Egidiolus
1745 1665 1820 1718 de

169 1747 398 1812 Alegris
433 1777 484 1786 -
519 1745 808 1800 Cabrinus
836 1745 912 1798 de
937 1744 1268 1798 Picenardis
1289 1773 1360 1784 —
1385 1745 1585 1798 Petrus
1604 1743 1820 1808 (1060-

168 1824 406 1890 salengo
446 1853 516 1864 -—
555 1822 887 1876 Zohaninus
922 1823 998 1876 de
1021 1822 1319 1888 Gaxappis
1339 1851 1408 1860 —
1435 1821 1706 1875 Baldesar
1745 1819 1820 1874 de

167 1903 334 1955 Sesto
370 1931 446 1940 —-
487 1900 686 1953 Rasael
712 1899 788 1952 de
817 1900 1062 1952 Roncho
1083 1929 1152 1938 —
1177 1899 1465 1952 Zoaninus
1488 1897 1564 1951 de
1590 1897 1821 1951 Doxino

171 2009 216 2017 —
237 1977 700 2032 Albertonzinus
711 1975 786 2029 de
802 1975 1375 2029 Zochis-Zohaninus
1387 1976 1462 2028 de
1475 1974 1817 2028 Casamalla.

228 2056 380 2108 Cum
425 2055 611 2108 multe
645 2061 705 2107 et
741 2054 922 2106 multe
950 2062 1011 2106 et
1035 2053 1262 2105 diverse
1287 2051 1574 2106 discordie
1597 2060 1658 2105 et
1681 2067 1822 2118 que-

169 2133 386 2186 stiones
426 2141 557 2185 acte
594 2131 711 2184 sint
745 2131 877 2184 hinc
903 2138 1078 2190 retro,
1100 2145 1298 2182 coram
1323 2128 1629 2182 habatibus
1652 2137 1712 2182 et
1734 2143 1821 2181 sa-

171 2209 470 2275 pientibus
505 2207 756 2274 gabelle,
794 2207 1100 2260 occasione
1123 2206 1286 2280 ‚quia
1325 2205 1464 2258 certi
1517 2205 1718 2258 fratres
1762 2212 1822 2257 et

165 2295 316 2340 certe
371 2283 770 2338 ecclesiastice
814 2299 1066 2350 persone
1113 2283 1313 2336 dicunt
1361 2298 1424 2336 se
1471 2297 1588 2335 non
1637 2289 1820 2340 teneri

163 2379 268 2416 nec
302 2363 532 2416 debere
568 2361 798 2414 solvere
832 2360 1052 2427 aliquid
1088 2375 1195 2426 pro
1228 2359 1399 2413 certis
1440 2360 1558 2412 suis
1607 2375 1821 2412 merca-

163 2441 374 2494 tandiis
411 2439 656 2492 comuni
681 2453 790 2490 nec
813 2437 1040 2504 gabelle
1063 2438 1352 2490 Cremone
1373 2452 1482 2489 nec
1505 2435 1818 2503 pedalium,

172 2517 460 2585 gabellam
499 2531 611 2568 nec
645 2514 1027 2580 pontaticum,
1065 2513 1173 2567 sub
1217 2522 1482 2580 pretextu
1533 2522 1822 2566 certorum

173 2593 610 2662 privilegiorum
629 2599 692 2644 et
721 2590 1152 2644 immunitatum
1178 2591 1260 2644 eis
1278 2605 1705 2644 concessorum.
1733 2590 1824 2642 Id-

175 2669 366 2725 circho
405 2668 486 2723 ad
519 2667 822 2720 evitandas
848 2667 1032 2720 dictas
1056 2666 1374 2720 discordias
1406 2675 1466 2720 et
1489 2667 1824 2734 questiones

169 2758 224 2801 et
279 2763 355 2800 ne
412 2745 496 2798 de
549 2753 748 2798 cetero
804 2744 958 2797 dicte
1016 2744 1356 2810 questiones
1411 2743 1546 2797 oriri
1603 2743 1826 2810 possint

174 2824 486 2878 occasione
523 2821 816 2889 predicta,
857 2820 1100 2887 predicti
1147 2821 1385 2874 habates
1429 2827 1488 2874 et
1531 2820 1821 2890 sapientes

173 2917 328 2954 more
353 2899 536 2953 solito
572 2898 910 2964 congregati
945 2913 1122 2964 super
1144 2898 1324 2951 domo
1347 2897 1590 2964 gabelle,
1617 2913 1823 2951 omnes

173 2979 226 3030 in
261 2975 604 3038 concordia,
641 2976 796 3028 facto
831 2975 1042 3042 partito
1077 2975 1226 3028 inter
1259 2991 1360 3028 eos
1395 2974 1470 3027 ad
1505 2973 1739 3028 busolas
1763 2981 1822 3028 et

171 3054 412 3108 ballotas
466 3067 574 3120 per
607 3051 915 3104 dominum
953 3051 1272 3105 Zoaninum
1309 3052 1383 3105 de
1425 3051 1612 3104 Tintis
1647 3051 1821 3106 haba-

167 3143 296 3192 tem,
335 3130 746 3198 providerunt,
784 3137 1110 3182 statuerunt
1143 3139 1202 3183 et
1223 3128 1634 3182 ordinaverunt
1658 3128 1819 3196 quod

167 3209 423 3275 quelibet
463 3221 718 3274 persona
753 3205 1174 3272 cuiuscumque
1207 3205 1556 3259 conditionis
1591 3207 1816 3270 existat,

165 3295 276 3338 tam
303 3283 703 3338 ecclesiastica
728 3299 906 3349 quam
926 3282 1218 3346 secularia,
1245 3281 1322 3336 de
1338 3289 1534 3336 cetero
1556 3284 1740 3337 solvat
1761 3293 1820 3337 et

173 3362 394 3415 solvere
431 3367 704 3414 teneatur
739 3365 800 3411 et
834 3358 1045 3412 debeat
1078 3359 1320 3425 gabellis
1365 3359 1661 3422 ordinatiS,
1712 3359 1820 3412 da-

169 3440 338 3502 cium,
381 3435 686 3505 pedalium
709 3443 770 3488 et
794 3435 1080 3502 gabellam
1105 3443 1166 3489 et
1198 3435 1576 3502 pontaticum,
1615 3452 1720 3504 pro
1756 3444 1820 3489 ut

171 3517 402 3569 solvunt
457 3522 522 3567 et
580 3513 716 3566 hinc
761 3519 917 3566 retro
961 3513 1112 3566 soliti
1149 3521 1286 3566 sunt
1327 3513 1550 3567 solvere
1597 3513 1692 3567 alii
1743 3512 1819 3566 de

169 3593 334 3646 rebus
371 3599 436 3645 et
499 3588 948 3643 merchatandiis
995 3589 1135 3653 suia,
1174 3605 1291 3643 non
1325 3589 1688 3644 obstantibus
1723 3589 1821 3643 ali-

167 3670 377 3735 quibus
401 3665 724 3734 privilegiis
747 3665 1205 3720 immunitatibus
1223 3683 1332 3720 nec
1350 3666 1820 3720 concessionibus

171 3763 269 3798 nec
303 3745 438 3798 aliis
477 3742 824 3796 facientibus
857 3749 1060 3796 contra
1096 3743 1244 3796 hanc
1287 3743 1696 3809 provisionem.
1749 3745 1821 3797 Et

169 3823 268 3875 hec
302 3821 573 3888 provisio
607 3820 684 3873 sit
723 3819 965 3872 troncha
999 3828 1058 3872 et
1094 3819 1344 3886 precissa
1379 3828 1438 3873 et
1471 3829 1729 3874 servetur
1763 3827 1823 3874 et

171 3899 383 3951 servari
419 3897 640 3950 debeat
675 3911 782 3962 pro
817 3904 1034 3949 statuto
1069 3897 1269 3964 populi
1317 3897 1560 3950 troncho
1594 3906 1653 3950 et
1686 3912 1822 3963 pre-

172 3977 316 4029 cisso
353 3983 418 4028 et
455 3989 529 4027 ex
565 3989 722 4026 nunc
757 3971 966 4026 valeat.

196 4049 384 4106 'Item
443 4049 846 4117 providerunt,
907 4057 1233 4104 statuerunt
1277 4057 1338 4104 et
1389 4050 1821 4120 ordinaverunt,

179 4145 278 4194 pro
303 4127 570 4182 evidenti
607 4125 851 4180 utilitate
885 4127 1151 4180 comunis
1185 4135 1246 4181 et
1264 4127 1490 4194 gabelle
1515 4127 1822 4190 Cremone,

177 4206 331 4272 quod
371 4204 668 4258 Cabrinus
693 4203 768 4256 de
791 4203 1124 4266 ArmeliniS,
1152 4205 1253 4271 qui
1293 4203 1606 4257 incantavit
1639 4212 1698 4258 et
1733 4204 1824 4258 cui

173 4283 370 4336 datum
409 4281 522 4334 fuit
555 4280 632 4333 ad
669 4279 966 4333 incantum
1004 4279 1234 4333 dacium
1270 4296 1514 4334 ovorum
1551 4287 1610 4334 et
1643 4281 1827 4348 pullo-

181 4375 300 4412 rum
339 4367 402 4412 et
440 4359 544 4426 qui
580 4363 788 4423 postea
823 4355 981 4410 venit
1027 4371 1224 4410 coram
1267 4357 1626 4424 sapientibus
1672 4357 1826 4412 dicte

179 4436 405 4502 gabelle
431 4434 506 4488 ad
544 4433 862 4487 dicendum
897 4449 962 4486 se
995 4433 1144 4486 velle
1179 4435 1436 4488 relaxare
1465 4433 1684 4488 dictum
1726 4434 1826 4488 da-

178 4512 326 4565 cium
363 4527 478 4578 pro
513 4510 612 4564 illa
639 4509 962 4577 quantitate
985 4509 1356 4564 denariorum
1381 4527 1559 4578 quam
1583 4510 1826 4566 dederat

173 4589 226 4641 in
261 4589 426 4643 dicto
463 4588 722 4650 incantu,
759 4586 808 4638 si
843 4585 922 4639 illi
958 4587 1033 4641 de
1067 4588 1298 4654 gabena
1331 4589 1604 4642 volebant
1637 4589 1824 4642 facere

172 4666 220 4718 ei
258 4666 404 4720 dare
441 4664 720 4718 denarios
754 4662 890 4717 dicti
927 4664 1210 4730 incantus,
1250 4673 1314 4718 ut
1347 4664 1426 4718 ibi
1461 4664 1680 4720 dictum
1717 4664 1825 4719 fuit

173 4759 270 4808 per
319 4751 518 4797 certos
570 4757 645 4796 ex
693 4742 1052 4807 sapientibus
1102 4743 1254 4797 dicte
1299 4743 1546 4810 gabelle,
1591 4757 1825 4808 compe-

173 4821 314 4873 latur
333 4828 398 4873 et
420 4819 812 4885 costringatur
833 4835 940 4884 per
973 4819 1262 4886 sapientes
1277 4819 1504 4886 gabelle
1526 4828 1824 4886 presentes

178 4896 262 4948 vel
285 4896 522 4950 futuros
548 4895 622 4949 ad
669 4894 1068 4960 recipiendum
1105 4897 1234 4950 illos
1260 4893 1530 4950 denarios
1553 4912 1704 4963 quos
1726 4896 1826 4950 de·

178 4972 257 5026 dit
301 4973 362 5026 in
403 4973 642 5027 incantu
681 4970 820 5024 dicti
857 4970 1043 5032 dacii,
1093 4973 1488 5038 computando
1523 4972 1581 5026 in
1629 4971 1824 5038 precio

175 5049 438 5114 ipsorum
463 5049 838 5103 denariorum
865 5047 993 5102 illos
1020 5048 1286 5102 denarios
1320 5065 1469 5116 quos
1493 5048 1711 5116 recepit
1733 5047 1823 5102 vel

177 5127 416 5194 recipiet
448 5143 484 5179 a
531 5125 810 5193 pularolis
857 5141 965 5192 pro
1017 5125 1278 5192 predicto
1311 5124 1479 5180 dacio
1501 5167 1515 5190 ,
1553 5133 1614 5180 et
1663 5126 1824 5194 quod

179 5219 383 5256 omnes
423 5202 708 5270 pularolle
731 5201 1134 5268 compelantur
1155 5202 1382 5255 solvere
1411 5202 1520 5270 ipsi
1553 5203 1826 5270 Cabryno

175 5281 537 5348 superfluum
572 5281 947 5336 denariorum
983 5282 1144 5350 quod
1179 5282 1394 5337 habere
1443 5283 1686 5339 deberet
1717 5299 1826 5352 pro

177 5359 328 5413 dicto
353 5358 528 5414 dacio
551 5374 656 5425 per
679 5373 817 5412 eum
843 5357 1148 5424 incantato,
1174 5367 1234 5412 et
1250 5359 1422 5414 detur
1443 5360 1672 5416 dacium
1698 5375 1828 5429 pre-

175 5435 394 5559 ἓὶςῑιῗιιὲι
431 5435 708 5506 predictis
753 5435 1051 5502 pularollis
1085 5450 1192 5503 pro
1226 5443 1290 5491 ut
1319 5436 1531 5492 habeat
1559 5437 1685 5505 ipse
1718 5437 1827 5492 Ca-

215 5521 300 5559 r1n
379 5543 398 5562 .

3421 307 3547 382 163

1975 571 2087 624 Ι)10
2136 572 2333 626 martis
2384 571 2589 626 ultimo
2632 572 2939 626 setembris
2984 573 3129 626 lecte
3165 581 3225 626 et
3260 573 3557 640 publicate

1907 648 2157 708 suerunt,
2194 663 2298 714 per
2335 665 2429 702 me
2456 649 2809 714 Raphaelem
2834 649 3213 715 Aghinonum
3238 651 3547 714 notarium,

1908 725 2295 792 suprascripte
2330 725 2689 790 provisiones
2724 742 2899 792 super
2945 725 3125 780 domo
3159 728 3385 793 gabelle
3432 745 3552 782 ma-

1907 818 2024 868 gne
2061 803 2349 854 Cremone
2402 802 2549 856 inter
2590 803 2955 870 gabelatores
3001 804 3155 858 dicte
3200 804 3429 872 gabelle
3472 804 3553 858 ibi

1909 879 2223 932 existentes
2257 887 2317 932 et
2348 879 2626 945 aprobate
2661 895 2764 946 per
2798 879 2955 946 ipsos
2988 881 3373 947 gabelatoreS.

1981 975 2022 1036 -Ι-
2060 973 2188 1062 Ego
2228 973 2483 1062 ssaphael
2519 974 2863 1041 Aghinonus
2898 975 3158 1028 notarius
3183 975 3410 1042 gabelle
3434 992 3553 1029 ma-

1913 1067 2027 1118 gne
2062 1065 2277 1116 scripsi.

1913 1241 2053 1302 230.
2100 1259 2183 1268 -
2236 1243 2415 1303 1309,
2460 1227 2581 1286 oct.
2632 1225 2731 1297 26,
2780 1223 2969 1297 VIII,
3020 1223 3405 1296 Cremonae,
3435 1244 3549 1286 su-

1987 1322 2122 1400 per
2166 1315 2355 1379 domo
2390 1315 2606 1400 gobel.
2662 1315 2729 1390 C,
2779 1321 2921 1380 228.

1999 1451 2453 1516 Reformacio
2505 1453 2825 1536 gabellae
2886 1455 3075 1536 quod
3135 1453 3553 1518 reformacio

1917 1551 1954 1608 8
2015 1559 2191 1628 sept.
2246 1547 2503 1610 habeat
2562 1547 2703 1610 vim
2749 1557 2819 1610 et
2862 1548 3345 1612 auctoritatem
3390 1568 3551 1630 pro-

1916 1640 2209 1703 visionis
2252 1652 2324 1703 et
2366 1661 2494 1722 pro
2536 1641 2941 1724 provisione
2986 1642 3243 1704 debeat
3280 1643 3549 1706 attendi

1914 1742 1986 1796 et
2024 1735 2403 1798 observari.

1915 1941 2039 2001 231.
2098 1959 2159 1968 -—
2222 1943 2381 2000 1310
2424 1927 2615 2005 (1309
2662 1923 2833 2002 ina),
2854 1921 3044 2008 febr.
3100 1946 3193 2004 14,
3258 1923 3451 2000 VIII,
3504 1923 3550 1987 l.

1995 2021 2208 2099 super
2240 2016 2383 2100 pal.
2419 2017 2634 2100 gabel.
2687 2017 3073 2082 Cremonae.
3130 2019 3197 2093 C,
3246 2037 3389 2081 221.

2002 2151 2324 2216 Provisio
2371 2154 2693 2237 gabellae
2738 2156 2928 2236 quod
2974 2153 3215 2217 firmus
3252 2166 3322 2218 et
3357 2164 3553 2216 ratus

1917 2245 2008 2310 sit
2052 2258 2451 2310 contractus
2494 2249 2675 2310 dacii
2718 2250 3113 2329 plumarum
3160 2259 3231 2310 et
3290 2267 3551 2330 penna-

1917 2359 2071 2402 rum
2116 2339 2340 2403 factus
2386 2361 2543 2404 cum
2588 2340 3050 2404 Omnebelino
3098 2343 3185 2404 de
3218 2340 3552 2404 Riboldis

1916 2443 1988 2496 et
2030 2434 2336 2498 Bardino
2380 2435 2467 2498 de
2510 2435 2847 2498 Ysolello.

1916 2641 2049 2702 232.
2100 2659 2175 2668 —
2234 2643 2393 2702 1310
2438 2629 2626 2705 (1309
2672 2623 2847 2704 ina),
2892 2629 3091 2687 mart.
3133 2643 3227 2704 15,
3278 2623 3472 2699 VIII,
3504 2623 3549 2686 l.

1999 2723 2211 2800 super
2242 2717 2386 2801 pal.
2424 2716 2641 2802 gobel.
2692 2717 3079 2782 Cremonae.
3133 2716 3203 2790 C,
3255 2737 3396 2780 222.

1999 2854 2325 2918 Provisio
2369 2855 2691 2938 gabellae
2724 2855 2933 2937 quod,
2966 2875 3183 2936 quum
3214 2847 3541 2927 reforma·

1915 2957 2064 3010 tum
2110 2947 2317 3012 fuerit
2358 2967 2487 3030 per
2519 2948 2889 3012 consilium
2918 2948 3247 3030 generale
3277 2949 3545 3030 populi,

1915 3042 2107 3123 quod
2150 3040 2452 3105 fictalicii
2499 3043 2891 3126 glarearum
2920 3041 3096 3104 Padi
3124 3043 3399 3123 possint
3430 3063 3550 3126 eas

1914 3133 2298 3199 aflrancare
2344 3146 2415 3199 et
2457 3137 2718 3199 habere
2755 3135 2846 3199 ad
2880 3134 3175 3199 liberum
3215 3137 3546 3200 allodium

1914 3229 2255 3292 solvendo
2296 3250 2368 3308 14
2399 3229 2723 3294 denarios
2752 3249 2883 3311 pro
2914 3229 3230 3311 quolibet
3258 3230 3547 3294 denario

1914 3323 2002 3386 de
2046 3321 2211 3386 ficto
2256 3323 2437 3387 infra
2481 3324 2718 3387 datum
2764 3325 3157 3399 terminum,
3206 3327 3396 3406 quod
3431 3325 3549 3389 hic

1913 3418 2252 3481 terminus
2295 3428 2715 3500 prorogetur
2758 3417 3031 3480 cuidam
3076 3417 3423 3482 fictaliciO.

1911 3621 2046 3683 233.
2094 3639 2176 3650 -—
2215 3623 2392 3681 1310,
2432 3607 2630 3669 mart.
2671 3609 2769 3679 28,
2816 3605 3005 3679 VIII,
3042 3605 3087 3670 l.
3114 3611 3326 3690 super
3354 3605 3547 3671 domo

1989 3697 2205 3782 gobel.
2262 3697 2647 3764 Cremonae.
2702 3699 2771 3774 C,
2818 3720 2960 3779 223.

1997 3835 2321 3900 Provisio
2396 3835 2714 3919 gabellae
2787 3837 2979 3919 quod
3050 3855 3179 3917 pro
3248 3837 3549 3919 comple-

1915 3937 2151 3991 mento
2197 3929 2574 3993 solucionis
2618 3941 2921 4012 quatuor
2964 3931 3353 4012 capitaneis
3383 3930 3551 3992 olim

1917 4022 2436 4087 cavalcatorum
2480 4022 2863 4088 Cremonae
2926 4023 3051 4088 fiat
3116 4026 3352 4090 datum
3376 4073 3391 4099 ,
3458 4045 3551 4086 ex

1916 4115 2256 4198 petitione
2300 4137 2540 4180 eorum
2587 4127 2657 4180 et
2699 4119 3083 4182 secundum
3120 4117 3553 4182 reformatio-

1918 4230 2079 4274 nem
2125 4211 2573 4274 consiliorum
2621 4212 3009 4275 communis
3054 4221 3124 4276 et
3160 4212 3554 4295 sapientum

1920 4323 2239 4387 guerrae,
2284 4304 2372 4368 de
2416 4305 2789 4369 medietate
2830 4305 3266 4370 denariorum
3299 4305 3421 4389 qui
3448 4325 3554 4368 re-

1920 4409 2326 4462 manserunt
2391 4399 2482 4462 ad
2546 4399 2961 4462 solvendum
3028 4420 3156 4480 per
3222 4399 3559 4462 nonnulla·

1922 4491 2316 4555 communia
2357 4512 2697 4575 personas
2742 4495 2856 4557 vel
2914 4493 3407 4557 universitates
3466 4495 3553 4556 de

1870 4549 1876 4646 Ι
1923 4585 2115 4649 datio
2160 4607 2281 4649 seu
2318 4598 2561 4650 mutuo
2595 4587 2761 4651 salis
2795 4607 2961 4650 2000
3003 4588 3159 4650 libr.
3196 4587 3442 4669 imper.
3488 4598 3560 4650 et

1923 4700 2093 4760 4000
2135 4680 2289 4744 libr.
2334 4681 2520 4765 imp„
2566 4692 2637 4745 et
2674 4681 2761 4745 de
2792 4691 3037 4746 mutuo
3067 4682 3398 4765 imposito
3428 4701 3557 4763 pro

1923 4773 2371 4838 affiancando
2433 4775 2731 4858 gabella‚
2792 4775 2879 4838 de
2931 4786 3175 4840 mutuo
3228 4774 3561 4858 imposito

1923 4867 2289 4932 confinatis
2346 4879 2418 4932 et
2472 4869 2561 4932 de
2606 4869 3305 4934 condemnationibus
3350 4867 3557 4931 factis

1923 4961 2012 5024 de
2059 4963 2542 5026 communibus
2584 4981 2716 5046 pro
2762 4964 3077 5046 equabus
3134 4981 3277 5025 non
3336 4962 3555 5026 consi-

1924 5055 2177 5138 gnatiS,
2210 5066 2279 5119 et
2323 5057 2515 5139 quod
2553 5055 2689 5120 alia
2730 5055 3068 5120 medietas
3114 5056 3442 5120 deveniat
3485 5055 3556 5118 in

1923 5149 2203 5232 gabella
2242 5168 2372 5230 pro
2416 5149 2905 5214 satisfaciendo
2950 5149 3087 5213 illis
3132 5149 3257 5232 qui
3298 5151 3562 5213 habent

1921 5241 2155 5306 facere
2197 5243 2269 5305 in
2314 5253 2675 5308 contractu
2720 5244 2901 5307 dacii
2948 5243 3093 5306 vini
3137 5255 3209 5307 et
3252 5242 3456 5307 furni.

1993 5429 2069 5484 D.
2096 5427 2425 5484 Aimericus
2456 5428 2533 5482 de
2556 5427 2842 5496 Farsengo
2876 5459 2945 5468 —
2980 5429 3056 5484 D.
3107 5429 3447 5484 Albertinus
3488 5427 3564 5484 de

1926 5505 2252 5570 Pascat-olo,
2288 5505 2529 5560 abbates
2575 5535 2641 5550 --
2679 5505 2755 5560 D.
2806 5505 3093 5561 Zoaninus
3120 5505 3197 5562 de
3244 5503 3567 5560 Bonisbec—
3656 5559 3673 5572 ,
