4050 6109
1152 304 1470 385 169-170.
1521 344 1600 352 —
1647 324 1722 371 A.
1779 330 1957 388 1313.
2005 348 2085 356 —
2133 328 2409 379 sECOLO
2454 332 2619 382 XIV.
3471 340 3549 403 29

217 559 391 611 fuisset
427 559 686 615 indebite
722 572 782 617 et
817 564 1027 619 iniuste
1061 576 1119 620 et
1153 578 1352 623 contra
1387 572 1680 627 veritatem
1719 574 1827 627 sub
1931 584 2087 637 Beati
2128 586 2409 639 Francisci
2446 596 2657 641 statum
2695 589 2935 645 civitatis
2970 599 3029 645 et
3063 592 3239 658 partis
3275 592 3549 645 ecclesiae

215 643 454 722 Pfessextu
493 636 785 729 dictorum
841 652 1140 733 pactorum
1196 648 1540 701 cancellatus
1581 649 1656 703 de
1692 651 1828 716 ipsis
1925 660 2000 713 de
2036 662 2322 717 Cremona
2346 680 2686 719 conservare
2709 666 2997 732 dignetur,
3026 669 3186 735 quod
3210 669 3285 722 de
3320 678 3549 723 caetero

213 712 369 774 ῙὼῐἹΒ»
407 715 566 779 quod
608 716 885 807 dominu-s
941 738 1182 811 {ma-flus-
1229 732 1494 778 teneatur
1529 726 1714 792 ipsum
1753 728 1827 781 de
1925 739 2184 804 quolibet
2208 756 2361 793 anno
2385 741 2593 795 festum
2621 744 2777 797 Beati
2805 744 3086 799 Francisci
3112 761 3215 811 per
3238 762 3549 798 commune

209 804 344 840 ”⁰V0
379 790 568 843 facere
619 796 790 847 SCf¹b¹
847 812 904 848 ¹¹¹
960 814 1097 883 11‘818
1148 800 1306 853 llbrfS
1356 810 1412 854 Εῒ
1447 804 1686 868 perinde
1723 804 1828 858 ha·
1923 823 1981 867 et
2016 816 2281 870 homines
2317 819 2604 871 Cremone
2638 819 2848 873 debeat
2870 822 3166 876 celebrari.
3207 823 3279 875 Et
3303 822 3465 889 quod
3491 824 3545 875 in

210 865 390 917 beatur
423 876 482 955 et,
509 876 800 955 ,tractetur
826 888 902 960 ‚ac
937 890 983 925 3¹
1021 876 1366 962 cancellatus
1401 894 1514 931 ‘¹0¹1
1554 888 1723 932 esset·
1755 882 1825 933 Et
1923 892 2077 945 dicto
2112 894 2259 947 sesto
2282 895 2355 947 ad
2392 894 2569 948 altare
2597 896 2753 949 Beati
2780 898 3064 951 Francisci
3087 899 3346 966 quolibet
3371 916 3543 963 ann0,

205 940 346 1006 q⁰0d
379 944 629 1033 <lum-bet
683 958 870 1037 9958!ss
919 950 1209 1019 Predlsstoss
1246 953 1388 1005 tales
1423 972 1712 1009 accusare·
1753 958 1824 1010 Et
1920 972 2189 1035 expensis
2212 972 2535 1025 communis
2558 973 2900 1037 Cremonae,
2923 974 3133 1027 debeat
3150 976 3339 1028 offerri
3366 992 3545 1029 unum

205 1018 344 1083 quod
379 1020 658 1075 dominus
695 1042 941 1077 vicarius
967 1036 1026 1079 et
1061 1029 1186 1081 eius
1225 1030 1396 1083 iudex
1433 1033 1506 1085 ad
1547 1034 1823 1087 maleficia
1920 1047 2135 1112 palium
2162 1066 2264 1115 per
2290 1058 2537 1103 rectores
2561 1052 2885 1103 communis
2906 1060 2963 1104 et
2985 1052 3185 1118 popuii
3204 1054 3545 1115 Cremonae,

203 1110 356 1161 super
387 1097 544 1151 dicta
573 1103 946 1155 accusatione
981 1112 1246 1159 teneatur
1284 1108 1576 1174 inquirere
1611 1111 1822 1163 verita·
1921 1132 1978 1176 et
2013 1141 2119 1190 per
2153 1126 2419 1178 consules
2455 1134 2513 1179 et
2548 1127 2811 1180 anfianos
2848 1128 3064 1195 populi,
3093 1130 3402 1183 offerentes
3427 1130 3550 1196 qui-

200 1181 302 1259 fem
331 1174 584 1265 bqutelj
619 1187 678 1229 et
713 1189 1069 1234 Summallm·
1113 1184 1183 1235 Et
1221 1185 1460 1237 veritate
1497 1196 1741 1251 seperta·
1775 1188 1820 1239 Si
1921 1200 2058 1254 libet
2094 1218 2296 1254 eorum
2333 1211 2389 1256 et
2427 1203 2503 1255 illi
2540 1203 2614 1256 de
2654 1204 2867 1257 familia
2920 1205 3178 1271 ipsorum
3234 1216 3540 1269 rectorum,

198 1262 504 1305 invenerint
563 1270 756 1318 ipsum
811 1267 1142 1311 accusatum
1197 1259 1586 1315 fraudolenter
1647 1264 1820 1317 fuisse
1919 1295 2071 1344 quae
2106 1294 2395 1345 expensae
2440 1280 2760 1334 ascendunt
2816 1297 2999 1348 usque
3052 1281 3125 1335 ad
3163 1283 3542 1349 quantitatem

197 1326 560 1411 cancellatum
601 1340 660 1383 et
697 1342 898 1385 contra
951 1335 1272 1398 veritatem,
1323 1339 1481 1405 quod
1519 1348 1822 1393 teneantur
1921 1356 2087 1409 XXV
2122 1357 2393 1409 librarum
2421 1357 2559 1423 imp,
2586 1357 2700 1423 Qui
2720 1358 2939 1411 denarii
2962 1360 3255 1412 annuatim
3294 1358 3543 1413 debeant

197 1418 364 1467 ipsum
401 1404 600 1495 sace-re.
631 1408 710 1460 de
748 1426 902 1461 novo
937 1411 1106 1464 scribi
1144 1429 1318 1479 super
1353 1415 1499 1467 libro
1537 1417 1817 1470 bandeza-
1917 1431 2055 1484 solvi
2104 1449 2209 1499 per
2262 1434 2567 1485 massarios
2618 1435 2943 1487 communis
2995 1435 3318 1488 cremonae
3354 1444 3411 1488 et
3446 1452 3542 1502 ga,

193 1488 386 1541 t0ffl¹¹¹2
423 1492 484 1571 ef
523 1484 604 1572 ¹13¹
643 1500 876 1575 ”affare
911 1502 1144 1541 causam
1183 1506 1362 1556 quare
1399 1492 1474 1543 de
1505 1510 1658 1581 ¹²0}’0
1683 1495 1814 1547 scri·
1917 1508 2102 1562 bellae
2138 1510 2444 1563 abbatibus
2491 1510 2628 1564 dicti
2678 1511 2970 1574 consortii,
3025 1512 3123 1578 qui
3168 1528 3274 1576 pro
3310 1522 3541 1579 tempo-

191 1565 308 1621 Ρῐΰὸ
342 1568 430 1611 est
469 1577 528 1647 ¹.¹¹
569 1578 698 1627 ¹980
737 1561 904 1651 ¹¹·b1'0·
967 1566 1038 1618 Et
1093 1566 1203 1619 ¹³0⁶
1240 1575 1516 1621 statutum
1554 1580 1626 1622 sit
1662 1580 1817 1623 trun·
1915 1585 2073 1639 ribus
2109 1585 2338 1648 fuerint,
2366 1587 2463 1653 qui
2500 1587 2739 1641 abbates
2768 1587 3099 1653 expendant
3135 1596 3192 1641 et
3214 1589 3541 1653 expendere

187 1640 972 1703 cumipfefflsumfflfflfflumo
998 1643 1428 1708 derogatorium
1451 1647 1506 1698 in
1526 1648 1814 1700 omnibus·
1915 1662 2165 1716 debeant
2201 1662 2385 1717 dictos
2432 1664 2701 1717 denarios
2752 1665 2809 1717 in
2863 1665 3126 1718 faciendo
3166 1664 3285 1717 fieri
3322 1666 3540 1719 dictum

1913 1740 2123 1793 festum
2159 1750 2215 1793 et
2250 1741 2555 1793 occasione
2607 1741 2787 1808 ipsius
2822 1742 2969 1795 festi.
3008 1743 3083 1794 Et
3118 1742 3228 1793 hoc
3263 1750 3539 1796 statutum

1913 1816 1986 1869 sit
2019 1826 2305 1879 truncum,
2345 1818 2687 1884 praecisum,
2718 1818 2979 1871 ultimum
3018 1826 3076 1871 et
3110 1818 3540 1885 derogatorium

1911 1893 2183 1947 omnibus
2218 1894 2343 1947 aliis
2378 1896 2605 1948 statutis
2642 1895 3067 1961 provisionibus
3102 1904 3163 1949 et
3187 1894 3541 1949 reformatio-

245 1958 506 2022 Qualiler
541 1963 892 2017 venditiones
912 1966 1116 2030 factae
1147 1968 1374 2034 possint
1407 1972 1750 2037 recuperari
1913 1970 2082 2023 nibus
2121 1971 2175 2023 in
2212 1971 2563 2024 contrarium
2601 1972 2993 2040 loquentibus,

721 2057 895 2108 usque
927 2042 1006 2094 ad
1035 2060 1267 2097 annum.

967 1864 1052 1901 10.

241 2158 378 2210 Item
415 2158 638 2213 eodem
677 2160 984 2213 millesimo
1021 2161 1334 2216 indictione
1367 2173 1428 2219 et
1467 2182 1667 2219 mense
1702 2176 1812 2221 sta·
2688 2167 2769 2203 ¹²·

179 2242 348 2287 tutum
375 2246 436 2289 et
460 2236 800 2291 ordinatum
826 2246 932 2297 est,
955 2240 1114 2304 quod
1153 2240 1198 2291 si
1225 2240 1451 2307 aliquis,
1473 2244 1574 2309 qui
1609 2243 1810 2298 suisset
2128 2274 2223 2323 De
2246 2271 2406 2338 palio
2442 2270 2732 2338 offerendo
2766 2270 3061 2323 annuatim
3097 2272 3156 2325 fn
3178 2270 3337 2337 festo

177 2311 540 2375 bandezatus,
579 2322 928 2377 carceratu5‚
965 2316 1289 2370 confinatus
1325 2334 1428 2371 seu
1476 2320 1809 2375 absentatus
2242 2350 2293 2400 S
2344 2348 2745 2401 Bartholomei
2774 2348 3037 2401 ecclesiae
3070 2348 3189 2401 eius

175 2403 268 2452 pro
299 2398 468 2454 parte
520 2398 582 2443 et
631 2391 936 2444 occasione
982 2393 1158 2457 partis
1203 2394 1630 2459 Capellatorum
1677 2398 1810 2451 Cre·
2293 2388 2307 2401 ⁰
3195 2387 3209 2399 ⁶

173 2481 388 2529 monae,
415 2476 692 2532 tempore
715 2484 838 2533 quo
873 2483 1006 2533 pars
1031 2470 1458 2535 Capellatorum
1487 2474 1808 2527 Cremonae
1979 2466 2125 2519 Item
2156 2468 2363 2520 eodem
2392 2467 2697 2519 millesimo
2720 2466 3033 2520 indictione
3057 2476 3113 2520 et
3141 2484 3359 2520 mense.
3387 2469 3535 2521 Cum

172 2557 342 2606 nuper
375 2554 508 2597 erat
551 2554 716 2597 extra
759 2544 1054 2598 civitatem
1103 2547 1449 2611 Cremonae,
1489 2550 1809 2604 vendiderit
1913 2542 1967 2593 in
2005 2544 2153 2597 sesto
2190 2546 2369 2597 sancti
2412 2544 2798 2597 Bartholomei
2836 2544 3082 2610 apostoli
3120 2544 3539 2610 perfidissimus

173 2634 264 2682 per
296 2636 360 2672 se
397 2622 492 2673 vel
533 2636 640 2686 per
665 2636 838 2675 suum
876 2632 1312 2688 procuratorem
1335 2625 1502 2679 alicui
1539 2627 1804 2681 existenti
1907 2619 2093 2685 imper
2094 2629 2220 2674 at01'
2248 2622 2535 2674 Hem'iCUS
2556 2621 2887 2682 decesserit»
2913 2628 3148 2685 ΡΥΟΡῒθΥ
3172 2622 3328 2687 quod
3350 2630 3535 2675 totum

173 2706 294 2749 tunc
331 2697 390 2749 in
427 2698 670 2751 civitate
707 2700 1034 2752 Cremonae
1069 2700 1292 2766 aliquas
1337 2710 1536 2763 terras,
1575 2702 1804 2767 domos,
1905 2712 2091 2761 genus
2130 2698 2447 2751 humanum
2499 2696 2574 2749 ad
2628 2698 2871 2750 salutem
2924 2697 3217 2750 redactum
3272 2699 3363 2761 sit,
3404 2699 3535 2751 ideo

173 2772 246 2822 vel
295 2774 706 2837 possessiones
757 2775 962 2829 minori
1009 2777 1196 2841 pretio
1239 2794 1358 2843 quo
1395 2787 1531 2831 tunc
1575 2796 1636 2832 re
1674 2798 1806 2833 vera
1904 2779 2183 2826 statutum
2222 2784 2279 2827 et
2314 2774 2642 2827 ordinatum
2698 2781 2804 2835 est,
2861 2774 3019 2839 quod
3075 2773 3232 2826 omni
3285 2790 3437 2827 anno
3476 2775 3531 2827 in

171 2850 420 2911 valuerit,
447 2851 615 2917 quod
651 2851 806 2905 dicta
835 2852 1090 2905 venditio
1127 2869 1230 2905 seu
1267 2854 1536 2908 alienatio
1573 2872 1688 2909 non
1713 2874 1806 2909 va·
1905 2850 2052 2903 sesto
2086 2851 2222 2905 dicti
2259 2852 2439 2905 sancti
2480 2850 2886 2911 Bartholomei,
2926 2866 3029 2915 per
3062 2866 3371 2903 commune
3396 2852 3531 2904 Cre-

166 2923 266 2978 leat
301 2944 412 2980 nec
451 2937 652 2981 teneat
691 2928 746 2981 in
784 2928 1064 2981 damnum
1089 2946 1192 2983 seu
1231 2932 1646 2995 praeiudicium
1671 2950 1804 2987 ven·
1906 2942 2113 2980 monae
2150 2936 2207 2981 et
2232 2928 2307 2981 de
2336 2943 2506 2981 avere
2529 2927 2855 2981 communis
2881 2928 3221 2989 Cremonae,
3260 2928 3532 2981 offeratur

163 3002 340 3055 dentis
388 3020 500 3056 seu
547 3004 881 3068 alienantis,
921 3005 1062 3058 dum
1113 3014 1308 3059 tamen
1356 3008 1478 3073 ipse
1523 3009 1800 3071 vendens,
1902 3011 1958 3056 et
1995 3004 2164 3057 detur
2201 3022 2303 3071 per
2348 3005 2623 3057 vicarium
2676 3012 2734 3056 et
2788 3004 3152 3069 capitaneum
3207 3004 3529 3057 Cremonae

161 3080 240 3129 vel
274 3080 563 3144 alienanS,
603 3082 694 3134 vel
734 3082 938 3134 haeres
973 3082 1098 3135 eius
1123 3092 1356 3149 paratus
1393 3085 1464 3137 sit
1503 3087 1801 3139 restituere
1902 3096 2080 3132 unum
2122 3082 2333 3134 decens
2369 3081 2585 3148 palium
2622 3080 2697 3133 ad
2734 3080 3033 3132 ecclesiam
3072 3082 3251 3133 sancti
3293 3082 3526 3134 Bartho-

163 3155 258 3219 ipsi
280 3158 506 3211 ementi
545 3159 635 3211 vel
673 3160 906 3211 haeredi
935 3160 1062 3212 eius
1097 3160 1346 3225 pretium
1373 3162 1532 3227 quod
1571 3178 1630 3215 re
1667 3180 1800 3217 vera
1900 3156 2091 3211 lomei.
2138 3160 2208 3211 Et
2242 3158 2405 3225 quod
2441 3158 2709 3211 consules
2737 3166 2794 3210 et
2818 3157 3037 3209 anziani
3063 3166 3121 3209 et
3143 3157 3525 3222 gabellatores

158 3233 387 3298 accepit,
429 3234 596 3301 quod
633 3236 962 3288 continetur
995 3236 1052 3287 in
1101 3235 1229 3301 ipso
1275 3236 1678 3292 instrumento.
1729 3241 1800 3292 Et
1899 3250 2031 3286 cum
2086 3235 2403 3287 rectoribus
2448 3234 2771 3296 antedictiS‚
2827 3249 2959 3286 cum
2996 3232 3235 3299 singulis
3288 3234 3520 3287 coreriis

160 3310 306 3373 quod
345 3310 404 3363 in
446 3328 524 3363 eo
559 3327 696 3364 casu
744 3311 1036 3377 predictus
1071 3320 1302 3379 emptor
1337 3322 1394 3365 et
1439 3316 1640 3367 haeres
1675 3316 1799 3368 eius
1899 3312 2399 3377 competentibus,
2457 3310 2725 3377 expensis
2777 3310 3101 3362 communis
3154 3318 3211 3363 et
3264 3311 3525 3376 gabellae

155 3386 406 3449 praecise
457 3396 520 3441 et
565 3387 790 3455 absque
835 3389 1201 3441 solemnitate
1250 3390 1468 3442 ordinis
1522 3391 1796 3444 iudiciarii
1841 3381 1849 3724 Ι
1898 3388 2241 3449 Cremonae,
2290 3387 2478 3441 dictae
2515 3387 2791 3441 oblationi
2828 3386 3079 3439 debeant
3118 3386 3410 3440 interesse.
3452 3390 3523 3441 Et

1841 3771 1845 3794 ι

158 3463 535 3529 compellatur
569 3480 675 3529 per
710 3464 1013 3518 dominum
1038 3464 1316 3518 vicarium
1340 3476 1396 3519 et
1419 3467 1543 3519 eius
1579 3467 1797 3520 iudices
1899 3465 2007 3516 hoc
2042 3472 2321 3517 statutum
2347 3466 2419 3517 sit
2444 3473 2707 3517 truncum
2735 3472 2793 3516 et
2816 3463 3137 3530 praecisum
3164 3472 3221 3516 et
3257 3465 3522 3517 ultimum

157 3538 220 3589 ad
269 3540 700 3593 restituendum
759 3542 864 3607 ipsi
920 3542 1204 3595 venditori
1253 3558 1355 3595 seu
1403 3543 1636 3596 haeredi
1672 3546 1797 3597 eius
1896 3548 1953 3592 et
1987 3540 2419 3605 derogatorium
2474 3540 2745 3593 omnibus
2798 3540 2921 3591 aliis
2972 3539 3197 3592 statutis
3240 3540 3523 3605 provisio—

157 3616 476 3679 praedictas
521 3634 612 3670 res
667 3618 957 3680 venditas,
1013 3618 1206 3672 habita
1261 3620 1480 3672 ratione
1536 3622 1797 3675 meliora-
1897 3617 2067 3669 nibus
2102 3626 2157 3669 et
2195 3616 2697 3670 reformationibus
2732 3625 2847 3669 tam
2875 3616 3199 3669 communis
3224 3632 3399 3683 quam
3422 3632 3522 3683 po-

161 3694 322 3747 menti
355 3704 418 3747 et
446 3694 938 3749 deterioramenti.
981 3696 1054 3748 Et
1079 3696 1238 3762 quod
1277 3696 1534 3761 predicta
1569 3698 1794 3751 valeant
1841 3727 1846 3736 ·
1895 3694 2012 3759 puli
2051 3694 2105 3745 in
2146 3694 2494 3746 contrarium
2532 3693 2925 3759 loquentibus.

156 3778 204 3821 et
235 3778 483 3823 teneant
517 3788 704 3838 usque
741 3772 813 3825 ad
851 3788 1072 3825 annum
1097 3788 1280 3825 unum
1318 3780 1559 3832 tanturn.
1587 3782 1644 3826 et
1671 3790 1794 3840 pre—

155 3846 328 3899 dictus
363 3848 650 3901 dominus
682 3848 928 3901 vicarius
963 3858 1021 3901 et
1066 3850 1192 3901 eius
1229 3850 1448 3903 iudices
1483 3859 1790 3905 teneantur
2670 3886 2749 3935 13,

155 3922 460 3977 observare
495 3932 554 3977 et
597 3926 926 3978 executioni
981 3926 1258 3979 mandare
1305 3928 1416 3979 sub
1462 3943 1611 3992 pena
1649 3928 1696 3981 L
1731 3928 1792 3981 li—

157 3999 400 4053 brarum.
447 4002 522 4054 Et
557 4000 666 4053 hoc
703 4010 983 4055 statutum
1023 4003 1096 4055 sit
1149 4011 1436 4065 truncum,
1476 4004 1785 4068 precisum,
1897 3990 2065 4053 Quod
2094 3991 2263 4041 villae
2296 3988 2610 4041 ‘'Ombuslae
2644 4004 2755 4041 ’ἔθη
2790 3991 3071 4055 COKanlus‘
3102 3990 3515 4056 SOlvereseuda

155 4074 412 4129 ultimum
457 4086 514 4129 et
547 4077 979 4144 derogatoriurn
1017 4079 1289 4131 omnibus
1337 4080 1396 4131 in
1440 4081 1785 4132 contrarium
1837 4071 1842 4120 Ι
2524 4068 2883 4132 POlCSlatum·

153 4150 542 4217 loquentibus·
1836 4181 1841 4284 Ι
1962 4187 2107 4238 Item
2145 4185 2353 4239 eodem
2392 4184 2696 4239 millesimo
2735 4185 3045 4239 indictione
3081 4194 3138 4239 et
3176 4202 3373 4240 mense
3406 4196 3515 4239 sta·-

1889 4270 2077 4315 tutum
2116 4272 2173 4315 et
2208 4263 2535 4325 ordinatum
2589 4270 2696 4325 est,
2744 4279 2877 4317 cum
2914 4263 3081 4315 villae
3117 4272 3173 4315 et
3210 4272 3393 4315 terrae
3430 4262 3511 4314 di-

1889 4340 2117 4393 strictus
2154 4340 2497 4401 Cremonae,
2536 4356 2686 4405 quae
2723 4350 2856 4392 sunt
2880 4356 3061 4406 prope
3085 4340 3371 4393 civitatem
3413 4354 3515 4405 per

260 4451 354 4502 De
387 4466 460 4503 eo
491 4450 645 4516 quod
673 4450 825 4503 solvi
853 4449 1013 4501 debet
1039 4449 1333 4501 annuatim
1357 4449 1672 4515 seslivilali
1889 4433 1988 4467 sex
2028 4416 2305 4479 ‘nimmia’
2343 4417 2508 4504 quafi
2546 4417 2661 4504 Sint.
2694 4433 2909 4503 Omnes.
2934 4416 3273 4505 ‘'Zombqstfoe
3310 4425 3368 4504 ef
3396 4416 3511 4504 .de“‡

1835 4515 1839 4530 ·
1885 4502 2092 4553 sertae,
2132 4493 2291 4559 quod
2329 4492 2495 4545 dictis
2530 4502 2694 4545 terris
2746 4502 2804 4546 et
2860 4493 3003 4545 villis
3046 4509 3246 4545 vicinis
3300 4502 3511 4546 civttati

643 4527 922 4591 fratrum
957 4527 1268 4577 minorum.
1834 4535 1838 4584 l
2583 4571 2593 4581 .
2623 4571 2633 4581 .
2706 4571 2716 4580 .
3252 4570 3263 4581 .

1884 4570 2207 4622 Cremonae
2243 4586 2345 4635 per
2380 4586 2482 4621 sex
2520 4570 2757 4622 miliaria
2794 4587 2908 4623 non
2946 4570 3157 4623 dentur
3192 4570 3369 4636 aliqui
3407 4586 3507 4635 po-

215 4647 352 4699 ltem
383 4646 596 4698 eodem
629 4642 936 4696 millesimo
973 4642 1284 4696 indictione
1310 4652 1366 4696 et
1388 4660 1606 4697 mense.
1634 4646 1780 4697 Cum
1885 4654 2121 4700 testates
2160 4664 2263 4699 nec
2300 4647 2563 4713 compelli
2611 4648 2835 4713 possint
2885 4647 2956 4700 ad
3010 4647 3356 4699 solutionem
3394 4646 3513 4699 seu·

151 4730 404 4789 tempore
432 4738 551 4789 quo
573 4720 848 4774 carcerati
873 4720 1048 4787 partis
1083 4720 1360 4773 ecclesiae
1386 4720 1460 4772 de
1495 4722 1782 4774 Cremona
1885 4724 2095 4777 dorum
2132 4740 2387 4779 suorum.
2444 4725 2515 4776 Et
2556 4724 2665 4778 hoc
2700 4734 2977 4779 statutum
3014 4724 3087 4777 sit
3121 4733 3409 4785 truncum,
3449 4732 3513 4776 ut

149 4801 394 4853 existens
441 4800 494 4852 in
546 4798 747 4852 castris
805 4797 1240 4862 Rumenenghi,
1289 4798 1677 4861 CastrileoniS,
1725 4809 1783 4852 et
1885 4816 2078 4867 supra.

153 4876 274 4929 alibi
309 4876 523 4929 multas
547 4876 904 4929 visitationes
925 4883 983 4928 et
1007 4874 1430 4927 consolationes
1464 4876 1782 4942 receperint

932 4342 1012 4381 11.

151 4970 179 5003 a
211 4954 480 5006 fratribus
517 4952 837 5006 minoribus
887 4950 1106 5003 ordinis
1143 4951 1336 5004 Sancti
1384 4952 1670 5006 Francisci
1706 4951 1781 5004 de
2658 4956 2738 5005 14·

150 5030 452 5092 Cremona,
490 5029 589 5098 qui
626 5044 690 5082 se
724 5033 1122 5095 exposuerunt
1159 5028 1354 5081 multis
1391 5036 1448 5082 et
1493 5029 1779 5081 continuis
2178 5060 2273 5112 De
2296 5060 2461 5127 pem-s
2499 5058 2901 5127 recemundum
2936 5058 3211 5114 baum-los·

149 5106 408 5171 periculis
444 5108 500 5160 in
537 5105 774 5160 servitio
796 5106 1054 5172 ipsorum
1083 5112 1522 5159 carceratorum.
1549 5106 1622 5158 Et
1646 5122 1776 5158 cum

149 5198 242 5247 per
277 5186 435 5251 ipsos
478 5192 822 5244 carceratOS,
873 5181 930 5233 in
979 5180 1258 5233 honorem
1309 5182 1417 5233 Dei
1463 5192 1520 5235 et
1571 5184 1777 5235 Beatae
1955 5182 2101 5234 Item
2136 5180 2345 5233 eodem
2382 5178 2687 5234 millesimo
2722 5180 3033 5233 indictione
3069 5188 3129 5235 et
3164 5196 3363 5234 mense
3396 5185 3507 5234 sta*

149 5259 394 5327 Virginis
439 5262 657 5314 Mariae
702 5268 762 5313 et
807 5258 964 5311 Beati
1013 5256 1317 5319 Francisci,
1355 5258 1429 5311 ad
1476 5258 1776 5311 ecclesiam
1875 5266 2066 5311 tutum
2103 5264 2160 5309 et
2195 5256 2525 5311 ordinatum
2580 5266 2686 5320 est,
2744 5258 2901 5325 quod
2952 5258 2998 5310 si
3036 5257 3165 5325 quis
3202 5259 3277 5311 de
3312 5267 3506 5311 cetero

150 5352 340 5391 eorum
377 5338 614 5392 fratrum
651 5338 724 5390 sit
762 5336 974 5389 decens
1009 5341 1069 5386 et
1101 5332 1388 5387 laudabile
1424 5336 1774 5389 consortium
1877 5333 2251 5401 receptaverit
2286 5335 2344 5387 in
2382 5334 2559 5387 domo
2594 5350 2699 5387 sua
2741 5335 2991 5401 aliquem
3027 5335 3327 5388 bannitum
3364 5334 3505 5387 civi-

149 5415 464 5469 ordinatum
502 5432 570 5469 ac
604 5414 781 5468 etiam
831 5411 1257 5465 confirmatum.
1311 5412 1454 5465 Ideo
1497 5421 1774 5466 statutum
1875 5413 2007 5465 tatis
2042 5412 2368 5465 Cremonae
2414 5412 2489 5465 de
2526 5410 2857 5475 homicidio,
2896 5412 3139 5474 robaria,
3177 5419 3340 5479 raptu
3380 5422 3503 5465 mu-

150 5502 202 5545 et
243 5492 568 5547 ordinatum
613 5502 724 5556 est,
773 5490 846 5543 ad
899 5490 1012 5543 hoc
1055 5496 1118 5541 ut
1164 5487 1325 5542 Deus
1369 5490 1777 5543 intercessione
1877 5490 2049 5553 lieriS,
2087 5490 2455 5554 assassinatu‚
2510 5489 2587 5543 de
2640 5488 3027 5553 mallexardia,
3066 5488 3141 5541 de
3176 5488 3503 5555 proditione
