4050 6109
509 299 624 362 152

992 418 1071 424 .-
1096 417 1485 424 --—-—.——--—
1524 417 1551 421 -
1606 417 1828 424 ——n—

501 545 626 598 aliis
671 545 1097 612 provisionibus
1131 555 1190 600 et
1223 545 1450 600 statutis
1483 544 1854 612 loquentibus
1895 543 1952 596 in
1988 560 2131 597 con-

498 621 756 675 trarium.

571 699 718 752 Item
755 715 887 752 cum
922 699 1062 752 alias
1097 697 1353 751 existerit
1404 697 1777 751 reformatum
1813 713 1915 764 per
1949 696 2130 750 consi-

501 775 642 829 lium
677 776 945 842 generale
970 775 1233 828 comunis
1259 775 1564 842 Cremone,
1587 775 1746 840 quod
1784 791 1885 840 per
1907 773 2127 827 dictum

498 869 748 906 comune
802 853 1108 914 Cremone,
1163 851 1239 905 ad
1291 851 1728 918 requisitionem
1785 851 2129 904 venerabilis

500 931 688 985 fratris
751 929 987 982 Henrici
1025 929 1147 982 Ian.
1209 928 1564 995 inquisitoris
1609 928 1898 982 henretice
1946 928 2131 994 pravi-

495 1007 628 1061 tatis
653 1047 664 1068 ,
723 1005 933 1059 dentur
989 1005 1241 1072 plaustra
1295 1005 1615 1058 suficientia
1667 1005 1906 1070 signatis
1958 1021 2129 1058 cruce

498 1093 698 1136 contra
725 1082 1076 1136 henreticam
1096 1082 1432 1148 pravitatem
1456 1098 1562 1148 pro
1585 1083 1838 1136 exercitu
1865 1081 2131 1135 faciendo

500 1175 606 1226 pro
643 1158 756 1212 fide
791 1158 1031 1212 catolica
1064 1157 1460 1211 conservanda
1493 1167 1552 1210 et
1589 1157 2035 1220 manutenenda,
2073 1166 2131 1211 et

487 1235 620 1289 ·duo
655 1236 968 1289 tubatoreS.
1013 1236 1086 1288 Et
1131 1251 1265 1288 cum
1315 1233 1489 1288 etiam
1535 1235 1958 1302 subsequenter
2005 1235 2131 1288 exi-

499 1313 662 1366 sterit
696 1311 1068 1366 reformatum
1117 1327 1221 1376 per
1265 1311 1568 1364 consilium
1610 1313 1880 1382 generale
1931 1311 2131 1377 populi

501 1389 641 1442 illud
681 1389 835 1442 idem
871 1388 944 1441 de
980 1388 1282 1454 predictiS,
1319 1397 1378 1440 et
1417 1387 1576 1455 quod
1613 1389 1786 1442 etiam
1834 1389 1887 1440 ei
1923 1387 2133 1442 dentur

500 1474 752 1532 quatuor
784 1465 987 1518 corerii
1025 1464 1326 1518 necessarii
1363 1464 1436 1517 ad
1473 1463 1690 1518 dictum
1715 1465 2030 1518 exercitum
2054 1465 2134 1517 fa-

501 1542 776 1596 ciendum
813 1550 870 1594 et
906 1541 1144 1594 lumerie
1179 1550 1238 1594 et
1274 1541 1462 1607 paneli
1511 1550 1569 1594 et
1603 1541 1762 1607 pileti
1815 1541 2133 1594 necessarie

500 1628 562 1673 et
599 1617 901 1672 necessarii
937 1619 1010 1670 ad
1046 1617 1322 1682 predicta,
1362 1627 1419 1670 et
1453 1618 1614 1684 quod
1647 1618 1842 1670 omnia
1877 1617 2133 1684 predicta

501 1695 646 1748 fiant
696 1702 755 1748 et
804 1694 1010 1748 efectui
1067 1693 1493 1747 demandentur
1543 1694 1812 1759 expensis
1866 1694 2131 1746 comunis

501 1773 796 1825 Cremone
830 1769 906 1824 de
943 1770 1190 1824 denariis
1224 1764 1397 1823 officii
1431 1771 1676 1836 gabelle‚
1715 1779 1773 1824 et
1807 1771 2051 1838 petitum
2074 1779 2133 1824 et

505 1847 846 1916 requisitum
900 1847 1068 1900 fuerit
1115 1863 1218 1912 per
1264 1846 1482 1900 dictum
1537 1847 1934 1913 inquisitorem
1972 1847 2133 1915 quod

499 1925 549 1978 si
587 1941 704 1978 non
740 1933 933 1978 essent
969 1923 1024 1976 in
1061 1924 1266 1990 gabela
1305 1923 1522 1976 denarii
1560 1923 1862 1977 necessarii
1896 1923 1970 1977 ad
2007 1941 2133 1990 pre-

500 2001 672 2064 dicta,
723 2001 884 2068 quod
931 2008 1204 2065 rogentur
1240 2001 1478 2053 habates
1532 2008 1590 2053 et
1625 2001 1912 2066 sapientes
1965 2001 2133 2054 blave

501 2078 661 2146 quod
695 2077 871 2130 velint
907 2085 964 2130 et
999 2077 1084 2128 eis
1119 2076 1341 2142 placeat
1381 2086 1440 2130 et
1475 2077 1728 2130 debeant
1771 2076 1846 2130 de
1882 2077 2131 2131 denariis

500 2153 636 2208 dicti
663 2153 832 2206 officii
869 2153 1036 2207 blave
1063 2161 1328 2207 mutuare
1353 2153 1707 2220 sapientibus
1731 2153 1902 2206 officii
1925 2154 2131 2220 gabele

503 2229 886 2296 quantitatem
923 2228 1290 2280 denariorum
1327 2229 1708 2282 necessariam
1745 2227 1818 2280 ad
1855 2228 2129 2294 predicta,

507 2314 568 2359 et
602 2305 760 2373 quod
799 2305 932 2358 dicti
971 2303 1260 2370 sapientes
1295 2305 1468 2358 officii
1503 2306 1702 2370 gabele
1737 2315 2040 2358 teneantur
2074 2315 2133 2358 et

503 2382 756 2435 debeant
813 2381 999 2435 facere
1059 2382 1444 2448 provisionem
1500 2382 1574 2434 de
1628 2382 1922 2434 reddenda
1979 2381 2133 2435 dicta

507 2459 829 2526 quantitate
863 2459 1106 2524 pecunie
1127 2457 1484 2524 sapientibus
1508 2468 1566 2512 et
1595 2459 1784 2512 officio
1809 2457 1991 2520 blave,
2016 2474 2132 2525 que

504 2535 674 2588 fuerit
709 2542 968 2588 mutuata
1005 2551 1108 2601 per
1153 2535 1310 2601 ipsos
1345 2535 1451 2602 ipsi
1487 2533 1676 2588 officio
1709 2535 1935 2600 gabelle
1969 2551 2133 2588 occa-

507 2612 670 2665 sione
706 2611 981 2678 predicta,
1019 2611 1093 2664 de
1122 2611 1320 2677 primis
1356 2610 1605 2665 denariis
1629 2611 1703 2664 de
1728 2611 2055 2664 introitibus
2073 2620 2133 2665 et

501 2688 781 2742 reditibus
817 2687 996 2754 ipsius
1029 2687 1272 2754 gabelle,
1310 2689 1500 2741 soluto
1529 2688 1715 2754 primo
1749 2697 1808 2742 et
1841 2687 2132 2742 satisfacto

505 2764 852 2817 Anzelerino
883 2763 957 2816 de
1000 2763 1230 2830 Nuptiis
1271 2763 1344 2816 de
1389 2763 1482 2817 illa
1529 2764 1848 2831 quantitate
1886 2765 2131 2830 pecunie

502 2857 680 2908 quam
699 2839 822 2906 ipse
836 2839 1213 2892 Anzelerinus
1229 2839 1511 2893 mutuavit
1524 2839 1679 2892 dicto
1696 2838 1886 2892 officio
1904 2840 2131 2905 gabelle

506 2916 580 2970 ad
601 2917 927 2970 instantiam
953 2915 1086 2968 dicti
1113 2915 1484 2983 inquisitoris,
1512 2933 1630 2969 non
1649 2917 1914 2970 obstante
1932 2918 2129 2984 aliquo

503 3003 798 3047 contractu
836 2992 925 3046 vel
963 2993 1291 3059 provisione
1327 2995 1413 3046 vel
1454 2993 1858 3048 reformatione
1895 2994 1983 3046 vel
2018 3003 2130 3046 sta-

503 3071 640 3125 tutis
693 3071 957 3123 comunis
1003 3080 1062 3123 et
1115 3069 1312 3136 populi
1351 3071 1636 3123 Cremone
1683 3071 1742 3123 in
1778 3071 2128 3124 contrarium

501 3146 896 3214 loquentibus;
955 3155 1012 3200 et
1065 3163 1198 3198 cum
1247 3154 1478 3199 centum
1533 3147 1953 3213 quinquaginta
1997 3147 2123 3202 libr.

495 3224 702 3291 imper.
739 3223 852 3276 sint
893 3232 1150 3278 mutuate
1186 3239 1288 3288 per
1323 3223 1612 3288 sapientes
1636 3223 1806 3276 officii
1845 3224 2008 3276 blave
2042 3241 2129 3276 sa-

496 3300 787 3366 pientibus
823 3309 880 3352 et
916 3299 1107 3353 officio
1142 3300 1368 3365 gabelle
1413 3315 1518 3365 pro
1555 3301 1824 3366 predictis
1859 3300 2129 3366 expensis

496 3377 791 3430 faciendiS.
817 3376 1037 3430 Idcirco
1073 3375 1442 3442 suprascripti
1471 3377 1711 3430 abbates
1747 3386 1804 3430 et
1838 3377 2127 3442 sapientes

499 3454 724 3518 gabelle
755 3469 964 3518 magne
1002 3453 1308 3516 Cremone,
1349 3453 1449 3520 qui
1485 3453 1717 3506 fuerunt
1753 3470 1997 3507 numero
2031 3454 2128 3507 tri-

497 3530 659 3596 ginta
695 3546 844 3583 unus
880 3530 938 3582 in
973 3530 1279 3583 concordia
1315 3531 1545 3583 nemine
1581 3531 1960 3596 discrepante,
1996 3547 2127 3596 pro-

498 3606 785 3667 viderunt,
823 3614 1144 3659 statuerunt
1169 3614 1227 3659 et
1257 3607 1684 3669 ordinaverunt,
1723 3606 1882 3674 quod
1917 3606 1991 3660 de
2018 3606 2129 3673 pri-

499 3683 608 3736 mis
658 3683 937 3746 denariiS,
994 3683 1438 3736 obventionibus
1493 3690 1552 3736 et
1603 3683 1922 3736 redditibus
1973 3683 2128 3736 dicte

495 3759 701 3826 gabele
725 3769 782 3814 et
809 3761 908 3826 qui
933 3760 1193 3813 venerint
1227 3761 1284 3812 in
1311 3759 1522 3813 dictam
1547 3761 1814 3826 gabelam
1852 3770 1910 3814 et
1947 3760 2128 3814 unde-

497 3853 750 3903 cumque
807 3844 866 3889 et
919 3836 1416 3903 qualitercumque
1477 3837 1738 3890 venerint
1761 3877 1773 3900 ,
1835 3838 2127 3891 satisfacto

497 3911 656 3979 prius
691 3913 845 3966 dicto
881 3912 1226 3966 Anzelerino
1263 3931 1364 3979 pro
1390 3922 1450 3966 ut
1474 3915 1737 3979 superius
1774 3914 1991 3967 dictum
2017 3924 2123 3974 est.

498 3989 797 4052 redantur,
837 3989 1207 4042 restituantur
1241 3999 1300 4042 et
1348 3990 1643 4043 solvantur
1690 4006 1792 4056 per
1838 3991 2128 4056 predictos

495 4065 785 4131 sapientes
821 4065 1026 4131 gabele
1062 4075 1121 4119 et
1143 4082 1246 4131 per
1272 4067 1580 4120 masarium
1606 4067 1962 4132 sapientibus
1989 4067 2129 4122 dicti

496 4139 667 4194 officii
704 4141 871 4194 blave
907 4150 963 4193 et
1001 4141 1272 4194 massario
1309 4141 1444 4194 dicti
1481 4141 1651 4196 officii
1680 4143 1843 4195 blave
1867 4143 2001 4196 dicti
2030 4143 2129 4196 de-

495 4217 638 4270 narii
676 4217 794 4270 dati
828 4226 886 4270 et
923 4218 1166 4270 mutuati
1199 4234 1302 4283 per
1325 4219 1612 4284 predictos
1647 4219 1935 4284 sapientes
1959 4221 2127 4273 blave

486 4293 764 4358 ,predictis
817 4293 1172 4358 sapientibus
1224 4303 1281 4346 et
1330 4293 1521 4347 officio
1568 4295 1774 4360 gabele
1827 4297 2127 4350 occasione

495 4369 772 4434 predicta,
798 4387 914 4422 non
940 4369 1302 4423 obstantibus
1327 4370 1523 4437 aliquo
1551 4381 1844 4425 contractu
1882 4373 1956 4425 ab
1994 4373 2128 4426 hinc

495 4455 648 4498 retro
672 4445 822 4499 facto
850 4445 906 4498 in
932 4446 1186 4499 favorem
1211 4445 1536 4513 aliquorum
1563 4449 1649 4500 vel
1678 4449 1966 4515 aliquibus
1999 4466 2129 4514 pro-

495 4522 842 4585 visionibuS,
880 4522 1106 4576 statutis
1152 4523 1240 4576 vel
1287 4523 1790 4578 reformationibus
1833 4526 2129 4580 conscilio-

495 4614 624 4651 rum
659 4599 923 4651 comunis
961 4599 1049 4651 vel
1073 4599 1272 4665 populi
1309 4600 1398 4652 vel
1435 4600 1672 4654 alicuius
1698 4602 1930 4655 alterius
1955 4602 2125 4656 othcii

495 4675 953 4741 repugnantibus
991 4675 1286 4742 predictis;
1326 4686 1383 4729 et
1420 4677 1580 4744 quod
1615 4678 1836 4731 domini
1870 4688 2127 4744 potestas

495 4759 555 4804 et
589 4751 941 4817 capitaneus,
981 4755 1247 4806 consules
1272 4762 1330 4806 et
1352 4754 1565 4807 antiani
1591 4754 1788 4820 populi
1817 4757 2124 4820 Cremone,

495 4835 793 4894 presentes
846 4838 904 4881 et
957 4828 1149 4892 futuri,
1189 4839 1490 4882 teneantur
1535 4841 1594 4884 et
1636 4830 1890 4886 debeant
1941 4849 2127 4887 sacra-

497 5017 673 5024 ———

549 5147 606 5198 (1)
639 5145 744 5187 Non
773 5144 987 5196 pagando
1016 5145 1028 5185 i
1058 5145 1263 5196 malgam'
1287 5157 1314 5186 0
1343 5146 1514 5196 pastori
1544 5147 1647 5196 quel
1676 5147 1760 5188 che
1781 5147 2024 5189 dovevano
2045 5161 2124 5189 ve-

495 5207 647 5249 nendo
675 5220 702 5248 a
730 5207 966 5258 pascolare
994 5219 1080 5248 cou
1109 5207 1208 5248 loro
1235 5207 1378 5249 bestie
1411 5208 1800 5259 nell’episcopato,
1832 5209 2003 5251 dacche
2032 5222 2125 5251 non

493 5269 830 5320 specificavano
859 5269 890 5309 il
917 5269 1057 5320 luogo
1086 5269 1205 5310 dove
1232 5269 1539 5312 intendevano
1567 5270 1818 5322 pascolare,
1850 5271 1908 5312 ed
1937 5273 2082 5313 anche
2110 5271 2123 5312 i

492 5331 769 5382 compratori
797 5330 844 5372 di
873 5336 1034 5382 questa
1061 5337 1199 5381 tassa,
1231 5332 1357 5373 detta
1385 5333 1458 5374 dei
1489 5331 1741 5382 Malliastri‚
1773 5333 2043 5384 occupando
2066 5333 2124 5375 ed

493 5392 870 5444 appropriandosi
900 5405 1008 5434 cose
1035 5406 1127 5435 non
1156 5393 1254 5435 loro
1281 5394 1464 5445 proprie
1491 5394 1537 5434 in
1566 5394 1719 5435 danno
1744 5394 1863 5435 della
1890 5394 2070 5445 gabella
2098 5408 2124 5437 e

489 5454 693 5496 volendo
720 5461 948 5496 estorcere
967 5455 1321 5498 indebitamente
1340 5456 1414 5497 dai
1435 5457 1606 5507 pastori
1626 5456 1811 5506 denaro,
1835 5457 1872 5498 si
1893 5457 2123 5500 stabilisce

1501 297 1772 346 CODICE
1817 294 2340 346 DIPLOMATICO
2385 294 2847 346 CREMONESE

2225 552 2423 597 mento
2458 543 2709 610 precisse
2743 543 2931 598 facere
2965 545 3257 598 observari
3292 554 3354 599 et
3384 545 3580 598 atendi
3606 546 3869 612 predicta

2223 635 2327 686 per
2362 620 2650 686 predictos
2686 620 2975 686 sapientes
3010 629 3068 674 et
3104 620 3359 675 officium
3410 630 3468 675 et
3518 623 3857 676 massarium

2223 695 2397 748 officii
2432 696 2689 762 predicte
2723 696 2968 762 gabelle,
3009 705 3306 764 presentes
3341 706 3400 751 et
3434 699 3675 760 ἕαται-οε,
3714 709 3775 751 et
3810 699 3857 750 si

2224 772 2465 839 predicti
2504 781 2786 838 potestas,
2824 773 3187 840 capitaneus,
3226 774 3494 829 consules
3512 819 3517 824 .
3537 784 3596 827 et
3641 774 3859 828 antiani

2226 850 2525 903 omiserint
2576 849 2832 916 predicta
2883 850 3071 904 facere
3120 859 3178 904 et
3217 851 3339 904 fieri
3376 851 3580 913 facere,
3620 867 3861 918 compu-

2226 935 2379 979 tetur
2414 927 2497 979 eis
2533 927 2590 979 in
2629 926 2889 980 fraudem
2924 935 2985 980 et
3028 926 3448 982 condemnetur
3493 936 3749 995 potestas
3800 928 3857 980 in

2226 1011 2460 1056 centum
2497 1003 2653 1056 libris
2676 1003 2880 1070 imper.
2909 1011 2966 1057 et
2988 1003 3322 1070 capitaneus
3355 1005 3413 1058 in
3439 1005 3862 1073 quinquaginta

2230 1077 2385 1131 libris
2422 1078 2625 1144 imper.
2662 1087 2722 1132 et
2756 1079 3002 1147 quilibet
3033 1080 3235 1134 consul
3271 1090 3331 1133 et
3364 1081 3631 1134 antianus
3666 1082 3727 1134 in
3762 1079 3861 1132 de-

2228 1170 2355 1207 cem
2394 1153 2551 1208 libris
2589 1155 2793 1220 imper.
2822 1164 2883 1209 et
2918 1155 2975 1208 in
3012 1164 3236 1210 tantum
3275 1157 3496 1223 possint
3519 1166 3578 1210 et
3610 1157 3867 1210 debeant

2228 1230 2493 1284 sindicari
2533 1247 2634 1297 per
2659 1231 3032 1286 sindicatores
3056 1233 3355 1300 eligendos
3390 1233 3713 1299 specialiter
3738 1250 3865 1300 pre-

2230 1307 2379 1360 dicta
2414 1307 2489 1360 de
2525 1323 2698 1361 causa
2732 1324 2837 1375 per
2880 1323 3129 1362 comune
3166 1309 3483 1372 Cremone3
3529 1319 3589 1364 et
3623 1309 3671 1363 si
3723 1309 3863 1362 dicti

2228 1384 2427 1438 abates
2460 1393 2522 1438 et
2554 1385 2842 1450 sapientes
2876 1385 3011 1438 dicti
3048 1385 3219 1438 officii
3252 1393 3311 1439 et
3360 1403 3565 1440 eorum
3602 1387 3865 1440 massarii

2228 1469 2525 1527 presentes
2551 1470 2609 1514 et
2630 1460 2803 1514 futuri
2815 1462 3117 1516 omiserint
3137 1462 3396 1529 predicta
3414 1463 3599 1518 facere
3612 1474 3671 1518 et
3682 1463 3867 1516 adim-

2229 1537 2406 1603 plere,
2444 1546 2811 1604 computetur
2844 1539 2930 1591 eis
2964 1540 3023 1592 in
3059 1539 3318 1593 fraudem
3346 1549 3407 1594 et
3438 1541 3867 1594 condemnetur

2231 1613 2474 1681 quilibet
2496 1631 2699 1668 eorum
2724 1615 2781 1668 in
2818 1615 3021 1668 decem
3058 1616 3215 1670 libris
3240 1617 3443 1683 imper.
3470 1628 3527 1671 et
3554 1619 3611 1672 in
3638 1625 3865 1670 tantum

2228 1688 2483 1744 debeant
2514 1689 2782 1744 sindicari
2817 1700 2876 1745 et
2910 1692 3409 1758 condempnentur
3432 1710 3535 1760 per
3569 1695 3867 1760 predictos

2229 1766 2631 1829 sindicatores;
2670 1775 2729 1821 et
2764 1769 2871 1821 hec
2898 1769 3150 1834 provisio
3174 1769 3246 1822 sit
3274 1771 3511 1824 troncha
3548 1778 3606 1824 et
3643 1770 3867 1837 precisa

2230 1851 2288 1896 et
2342 1844 2537 1897 ultima
2594 1851 2651 1897 et
2705 1844 3068 1910 derogatoria
3116 1846 3389 1899 omnibus
3423 1848 3549 1899 aliis
3584 1847 3865 1913 provisio-

2231 1919 2419 1983 nibus,
2457 1921 2701 1984 statutiS‚
2741 1921 3244 1974 reformationibus
3268 1924 3531 1976 comunis
3567 1932 3625 1977 et
3662 1923 3866 1990 populi

2229 2003 2287 2048 et
2321 1997 2626 2050 cuiuslibet
2659 1997 2891 2050 alterius
2925 1997 3097 2051 officii
3146 1999 3201 2050 in
3238 2001 3586 2054 contrarium
3622 2001 3869 2066 loquen-

2230 2072 2402 2135 tibus,
2441 2083 2500 2126 et
2533 2089 2639 2140 pro
2674 2082 2891 2128 statuto
2924 2073 3123 2140 populi
3148 2077 3387 2129 troncha
3418 2085 3478 2128 et
3500 2077 3761 2142 precissa
3788 2077 3870 2130 in-

2227 2149 2569 2202 violabiliter
2605 2149 2815 2204 debeat
2862 2150 3153 2204 observari
3192 2160 3249 2205 et
3301 2152 3459 2220 quod
3510 2161 3768 2218 ponatur
3812 2154 3864 2206 in

2228 2226 2522 2279 volumine
2557 2235 2905 2279 statutorum
2940 2227 3139 2293 populi
3168 2227 3474 2291 Cremone,
3514 2229 3675 2284 salvo
3706 2230 3865 2296 quod

2228 2317 2331 2366 per
2356 2301 2671 2367 predictam
2704 2303 3093 2368 provisionem
3128 2321 3247 2358 non
3279 2305 3377 2358 fiat
3398 2305 3637 2372 aliquod
3676 2307 3867 2372 preiu-

2228 2377 2441 2431 dicium
2478 2379 2857 2433 creditoribus
2893 2380 3139 2446 gabelle.

2298 2455 2409 2506 Die
2451 2455 2744 2508 dominico
2792 2471 2948 2508 nono
2994 2456 3189 2511 madii.
3238 2459 3411 2512 Lecte
3436 2467 3517 2516 ,et
3568 2459 3867 2524 plubicate

2230 2531 2459 2584 fuerunt
2494 2532 2875 2598 suprascripte
2910 2533 3269 2599 provisiones
3302 2551 3477 2600 super
3512 2535 3731 2600 palatio
3772 2552 3866 2600 ga-

2230 2607 2379 2659 belle
2432 2623 2641 2673 magne
2694 2608 3000 2670 Cremone,
3041 2625 3144 2676 per
3196 2627 3289 2662 me
3342 2611 3734 2664 Abraminum
3792 2611 3864 2664 de

2230 2684 2516 2750 Capelinis
2552 2693 2689 2737 tunc
2724 2685 3011 2738 notarium
3049 2687 3273 2750 gabelle
3310 2703 3519 2754 magne
3544 2689 3860 2741 Cremone,

2227 2762 2451 2823 TesteS,
2500 2761 2845 2814 Guillelmus
2892 2761 2967 2816 de
3005 2764 3267 2816 Prezanis
3316 2771 3375 2817 et
3424 2764 3749 2818 Andriolus
3788 2767 3865 2818 de

2228 2837 2413 2891 Tintis
2446 2847 2507 2891 et
2540 2839 2735 2903 plures
2769 2839 2880 2894 alii.

2262 2942 2335 3002 ·†
2374 2941 2501 3005 Ego
2535 2940 2889 2994 Abraminus
2932 2941 3009 2994 de
3056 2943 3375 3008 Capelinis,
3414 2943 3675 2997 notarius
3722 2946 3863 2998 sacri

2227 3017 2429 3082 palacii
2462 3025 2522 3070 et
2557 3027 2693 3070 tunc
2726 3019 2914 3072 scriba
2946 3019 3021 3072 ad
3060 3019 3275 3072 dictum
3313 3019 3567 3074 officium
3604 3021 3863 3087 gabelle,

2227 3093 2513 3159 predictas
2548 3093 2907 3159 provisiones
2940 3095 2997 3147 in
3048 3096 3306 3161 predicto
3341 3096 3487 3150 libro
3534 3099 3863 3164 exemplavi

2227 3177 2286 3223 et
2318 3169 2517 3234 scripsi
2552 3170 2627 3223 de
2664 3170 2936 3225 mandato
2972 3173 3491 3238 suprascriptorum
3526 3174 3769 3228 abatum
3806 3184 3862 3228 et

2228 3246 2571 3312 sapientium
2609 3247 2833 3312 gabele.

2226 3502 2337 3560 161.
2384 3533 2436 3542 -·
2520 3517 2700 3578 1305,
2748 3497 2921 3560 macl.
2978 3503 3068 3572 18,
3107 3499 3240 3575 III,
3288 3498 3330 3562 l.
3378 3499 3451 3562 in
3498 3522 3677 3564 cons·
3702 3501 3863 3587 gab.

2321 3591 2702 3655 Cremonae.
2755 3592 2823 3665 C,
2872 3611 3007 3672 159.

2308 3743 2628 3808 Provisio
2694 3746 3013 3828 gabellae
3071 3767 3282 3829 super
3334 3749 3693 3831 malgariis
3741 3751 3865 3833 qui

2227 3856 2384 3900 cum
2429 3839 2673 3902 bestiis
2735 3840 3024 3903 veniunt
3076 3843 3165 3904 ad
3216 3843 3729 3922 pasculandum
3790 3844 3861 3907 in

2228 3931 2634 4013 episcopatu
2680 3935 2780 4014 (1).

2227 4190 2349 4249 162.
2396 4222 2479 4230 —
2533 4205 2709 4266 1305.
2756 4185 2931 4249 mad.
2982 4193 3080 4258 28,
3113 4188 3245 4260 III,
3279 4187 3321 4252 l.
3352 4196 3561 4274 super
3592 4189 3863 4274 palatio

2304 4277 2456 4362 gab.
2514 4279 2897 4344 Cremonae.
2954 4280 3021 4352 C,
3080 4285 3215 4345 160.

2312 4439 2627 4501 Provisio
2674 4439 2993 4522 gabellae
3024 4442 3214 4523 quod
3249 4450 3392 4504 tres
3423 4463 3661 4506 somae
3694 4444 3865 4507 salis

2229 4531 2315 4594 de
2350 4545 2617 4614 septem
2655 4532 3000 4614 impositis
3030 4533 3330 4616 singulis
3361 4537 3637 4598 duobus
3670 4557 3859 4600 men·

2228 4627 2423 4688 sibus
2466 4637 2694 4688 castro
2740 4627 2811 4690 S.
2841 4627 3076 4689 Iacobi
3114 4628 3449 4691 tollantur
3478 4638 3548 4692 et
3593 4630 3853 4692 addan-

2227 4729 2341 4782 tur
2405 4719 2541 4782 illis
2600 4721 3087 4784 communibus
3156 4721 3605 4803 episcopatus
3675 4743 3861 4805 quae

2228 4813 2457 4875 minus
2502 4825 2842 4896 agravata
2886 4823 3067 4876 sunt.

2226 5147 2311 5190 che
2328 5148 2342 5188 i
2361 5148 2533 5199 pastori
2562 5148 2707 5198 prima
2735 5147 2782 5189 di
2802 5160 2940 5190 avere
2967 5149 3011 5190 la
3039 5149 3289 5190 bollettadi
3308 5154 3584 5200 pagamento
3604 5149 3860 5191 dichiarino

2225 5221 2275 5251 se
2303 5210 2522 5260 vogliono
2544 5209 2780 5261 pascolare
2808 5215 2932 5252 sotto
2960 5224 2989 5252 o
3016 5223 3155 5262 sopra
3182 5211 3574 5262 nell'episcopato‚
3596 5223 3622 5252 e
3642 5212 3681 5254 si
3707 5211 3856 5253 rilasci

2224 5272 2322 5313 loro
2351 5273 2397 5313 la
2422 5271 2611 5313 bolletta
2638 5272 2683 5314 in
2712 5273 2773 5314 tal
2802 5284 2953 5322 senso,
2985 5277 3042 5314 ne
3070 5285 3271 5324 possano
3298 5274 3493 5324 portarsi
3520 5274 3709 5323 altrove,
3732 5279 3857 5315 sotto

2224 5346 2343 5385 pena
2383 5335 2429 5376 di
2470 5340 2747 5385 pagamento
2785 5335 2945 5385 intero,
2984 5347 3115 5376 come
3156 5349 3207 5377 se
3248 5337 3371 5378 nulla
3410 5348 3627 5378 avessero
3667 5342 3853 5387 pagato.

2226 5395 2317 5438 Cfr.
2352 5409 2468 5447 1301,
2500 5403 2605 5438 setr.
2637 5409 2701 5447 21,
2734 5396 2787 5446 C,
2819 5399 2894 5448 985
2930 5409 3046 5448 1303,
3076 5409 3215 5448 genn.
3242 5411 3311 5450 30,
3342 5399 3395 5449 C,
3428 5410 3528 5447 1²13
3560 5410 3683 5450 1309,
3714 5400 3773 5447 D,
3804 5409 3855 5448 3;

2228 5460 2344 5508 1186,
2376 5459 2562 5509 maggio
2595 5471 2643 5510 13
2671 5471 2697 5500 e
2730 5471 2845 5510 1237,
2878 5459 3121 5509 dicembre,
3152 5471 3219 5501 xl.
