4050 6109
519 288 633 346 106

509 549 566 608 6.
614 581 696 591 ·-
751 564 928 622 1224,
1021 541 1108 604 id.
1199 540 1286 604 id.

593 697 952 760 Torsellus
983 697 1200 760 iudex
1227 695 1573 777 promittit
1601 695 1874 758 Bonino
1906 694 2136 758 facere

513 792 577 854 ei
623 791 986 855 rationem.

515 1014 570 1074 7.
619 1029 700 1040 —-·
755 1013 929 1072 1224,
978 990 1098 1054 iul.
1148 1009 1204 1070 3,
1252 992 1421 1064 XII,
1478 991 1862 1056 Cremonae.

599 1147 1006 1210 Praedictus
1037 1147 1350 1210 Boninus
1379 1145 1688 1227 postulat
1718 1166 1761 1208 a
1788 1155 2142 1228 potestate

516 1252 593 1305 ut
637 1240 844 1304 faciat
888 1240 1020 1303 sibi
1065 1241 1428 1304 rationem.

516 1453 573 1510 8.
619 1483 698 1494 --
757 1467 933 1526 1224,
981 1445 1101 1509 iul.
1141 1470 1198 1526 4,
1249 1447 1415 1518 XII,
1474 1447 1858 1510 Cremonae.

602 1601 914 1665 Boninus
961 1599 1204 1662 eadem
1251 1599 1480 1661 denuo
1523 1599 1854 1679 postulat.

519 1840 576 1899 9.
623 1855 704 1866 --
761 1825 916 1882 1226
963 1821 1149 1900 (1225
1195 1817 1366 1899 ina),
1413 1817 1549 1880 ian.
1607 1822 1698 1892 16,
1733 1819 1943 1891 XIV,
1993 1819 2145 1883 Cre-

609 1933 861 1982 monae,
910 1912 984 1974 in
1019 1911 1224 1997 pleno
1270 1910 1564 1975 consilio.

606 2067 926 2130 Potestas
954 2067 1154 2148 ponit
1189 2067 1260 2128 in
1293 2065 1580 2130 consilio
1611 2066 1782 2148 quid
1814 2067 2147 2130 volebant

522 2170 591 2224 et
635 2159 737 2223 eis
779 2162 1101 2240 placebat
1145 2161 1231 2223 de
1261 2158 1445 2224 facto
1487 2162 1740 2223 blavae
1769 2160 2022 2223 Bonini
2061 2160 2147 2223 de

522 2255 703 2318 Aste
749 2265 817 2318 et
863 2253 1240 2329 sociorum;
1304 2253 1670 2318 consilium
1729 2253 1899 2318 dicit
1957 2255 2149 2337 quod

523 2349 624 2412 eis
667 2349 842 2411 ratio
887 2347 1008 2410 fiat
1050 2368 1179 2430 pro
1226 2349 1596 2412 communi.

523 2573 606 2616 10.
654 2589 737 2598 ——
790 2559 945 2616 1226
991 2557 1177 2636 (¹225
1212 2553 1383 2636 ina),
1422 2575 1500 2619 20
1522 2554 1710 2640 febr.
1745 2555 1866 2620 XI
1881 2557 1952 2627 V,
1995 2555 2147 2620 Cre-

612 2667 865 2718 monae,
913 2647 984 2710 in
1019 2646 1224 2732 pleno
1261 2647 1554 2712 consilio.

608 2803 832 2866 Iudex
876 2803 1244 2884 potestatis
1287 2803 1465 2885 petit
1514 2826 1557 2867 a
1617 2804 1909 2868 consilio
1977 2805 2037 2868 si
2084 2806 2148 2868 ei

527 2900 758 2980 placet
803 2899 968 2960 dare
1011 2896 1360 2978 licentiam
1403 2899 1733 2979 potestati
1795 2909 1872 2962 ut
1917 2909 2151 2962 teneat

525 2991 856 3074 placitum
903 2991 1154 3054 Bonini
1201 2992 1288 3054 de
1335 2991 1513 3055 Aste
1558 3001 1629 3055 et
1673 2992 2042 3066 sociorum,
2081 3001 2150 3056 et

529 3085 892 3148 consilium
941 3085 1252 3149 assentit.

525 3302 600 3344 11.
647 3318 729 3329 —
785 3287 940 3344 1226
973 3287 1156 3364 (1225
1191 3280 1359 3363 ina),
1396 3303 1464 3344 21
1495 3282 1705 3368 febr„
1745 3285 1867 3347 XI
1885 3285 1956 3357 V,
1998 3285 2150 3348 Cre-

615 3397 866 3439 monae.

613 3531 930 3594 Potestas
975 3532 1256 3615 delegat
1284 3531 1542 3613 placita
1569 3533 1818 3595 Bonini
1851 3534 1939 3596 de
1969 3532 2151 3596 Aste

529 3635 598 3688 et
642 3624 996 3688 Guilielmi
1039 3625 1244 3689 Cervi
1291 3635 1360 3689 et
1404 3626 1696 3688 aliorum
1727 3626 1798 3688 in
1843 3626 2151 3708 Ripran-

531 3719 695 3783 dino
743 3740 870 3782 suo
915 3718 1165 3782 iudice.

531 3945 614 3988 12.
661 3963 738 3972 -—
797 3947 951 4005 1227
985 3931 1173 4008 (1226
1205 3925 1376 4007 ina),
1400 3926 1588 4012 febr.
1632 3948 1724 3999 11,
1771 3927 2154 3990 Cremonae.

618 4019 942 4090 Bohmer‚
989 4027 1089 4104 op.
1159 4020 1286 4094 cit„
1357 4027 1498 4100 829,
1545 4041 1581 4084 e
1625 4021 1911 4094 Carutti,
1979 4020 2151 4104 ch.

628 4113 956 4177 Comitum
994 4113 1389 4188 hhbaudz'ae,
1424 4122 1588 4201 pag.
1643 4121 1781 4178 181.

619 4269 922 4332 Litterae
987 4269 1344 4332 'I'homasii
1427 4270 1696 4332 comitis
1770 4270 2161 4334 Sabaudiae

533 4373 603 4426 et
649 4363 1070 4425 marchionis
1100 4363 1172 4426 in
1215 4363 1416 4427 Italia
1461 4373 1670 4446 atque
1700 4364 1914 4446 legati
1947 4363 2159 4445 impe-

534 4456 784 4518 ratoris
851 4477 977 4538 per
1045 4469 1260 4520 totam
1325 4458 1592 4521 Italiam
1653 4471 1723 4521 et
1779 4458 2159 4520 marchiam

532 4549 832 4613 Trivixii
885 4553 974 4613 ad
1039 4551 1540 4616 Cremonenses
1604 4553 1834 4634 (1226),
1906 4551 2161 4634 quibus

535 4644 875 4727 praecipit
919 4656 994 4708 ut
1040 4645 1374 4709 iustitiam
1433 4645 1691 4710 faciant
1744 4647 2016 4709 Bonino
2074 4645 2161 4706 de

534 4740 1066 4803 Montemolerio
1099 4741 1411 4814 Astensi,
1436 4742 1690 4804 dantur
1719 4743 1807 4803 ab
1841 4741 1997 4821 ipso
2029 4739 2160 4801 Bo-

537 4833 702 4896 nino
749 4834 1179 4897 Ber-nardino
1226 4835 1312 4898 de
1357 4832 1484 4897 Pio
1529 4835 1881 4917 potestati.

536 5059 619 5119 13.
671 5075 744 5086 —
803 5059 955 5118 1227
1006 5043 1195 5120 (1226
1241 5037 1410 5120 ina),
1434 5038 1622 5124 febr.
1661 5043 1759 5112 28,
1801 5039 1964 5112 XV,
2004 5040 2159 5103 Cre-

623 5153 879 5196 monae.

621 5270 942 5333 Potestas
987 5270 1272 5332 nunciat
1316 5271 1588 5333 Bonino
1633 5272 1823 5351 quod
1875 5285 2161 5352 paratus

539 5374 686 5427 erat
715 5383 843 5444 pro
876 5363 1226 5428 communi
1269 5363 1496 5428 facere
1541 5365 1816 5428 solvere
1848 5365 1911 5426 ei
1965 5365 2162 5447 quid-

539 5457 708 5539 quid
740 5458 1058 5520 debebat.

1447 265 1466 286 ‘
1527 296 1794 345 comcss
1841 295 2357 345 DIPLOMA'rxco
2402 297 2861 347 CREMONESE

2189 428 2271 436 ῳ·-

2603 419 2834 426 -—-———--

2234 563 2320 622 14.
2366 576 2448 587 —
2478 561 2679 644 ⁸1227,
2729 548 2875 628 apr.
2932 564 2981 615 1,
3030 543 3202 618 XV,
3250 543 3325 606 in
3382 543 3647 628 palatio
3680 551 3856 633 polc-

2318 639 2517 699 statas
2562 636 3036 700 cremonensis.

2320 809 2765 874 Ambaxator
2810 811 3125 876 comunis
3171 813 3395 878 Astae
3454 818 3763 897 postulat
3825 839 3865 878 a

2237 914 2583 986 potestate
2628 914 2706 968 ut
2748 904 2957 970 faciat
3024 907 3363 971 rationem
3420 910 3712 985 Bonin0,
3770 933 3867 974 se·

2238 999 2542 1062 cundum
2587 1001 2777 1082 quod
2836 1013 3301 1084 proposuerat
3362 1002 3432 1066 in
3493 1005 3863 1068 credentia.

2308 1259 2350 1323 †
2387 1259 2451 1311 In
2491 1257 2701 1311 Christi
2731 1257 2988 1311 nomine.
3030 1259 3205 1313 Anno
3228 1277 3261 1310 a
3298 1257 3594 1312 nativitate
3636 1260 3869 1312 Domini

2242 1334 2546 1388 millesimo
2598 1333 2996 1388 ducentesimo
3034 1335 3315 1400 vigesimo
3350 1337 3495 1398 Vll,
3552 1337 3872 1390 indiccione

2241 1412 2689 1480 quintadecima,
2728 1429 2847 1466 uno
2870 1411 2966 1466 die
3000 1411 3143 1466 iovis
3178 1412 3365 1479 primo
3401 1412 3646 1467 intrante
3673 1430 3872 1466 mense

2242 1490 2454 1558 aprili5‚
2493 1489 2551 1542 in
2587 1488 2830 1556 pallacio
2884 1489 2939 1544 in
2992 1505 3114 1558 quo
3169 1497 3425 1556 potestas
3478 1491 3875 1544 cremonensis

2244 1575 2516 1635 moratur,
2576 1567 2938 1636 presentibus
2972 1567 3218 1622 testibus
3253 1567 3469 1621 scilicet
3504 1566 3758 1621 Widone
3796 1567 3875 1620 iu-

2242 1645 2371 1698 dice
2404 1644 2705 1711 potestatis
2740 1645 3048 1706 Cremone,
3086 1651 3147 1697 et
3177 1643 3419 1698 domino
3453 1644 3715 1698 Obizone
3750 1645 3875 1698 eius

2244 1721 2443 1785 milite,
2481 1731 2539 1776 et
2561 1721 2801 1774 domino
2828 1718 3148 1774 Lansranco
3171 1719 3378 1774 clerico
3402 1721 3582 1775 sancti
3621 1721 3873 1774 Martini.

2247 1799 2331 1852 Ibi
2367 1798 2640 1852 dominus
2674 1798 2996 1852 Astesanus
3046 1797 3359 1852 canonicus
3410 1797 3649 1852 ecclesie
3696 1797 3877 1852 sancti

2244 1874 2495 1928 Secundi
2529 1874 2793 1936 astensiS,
2846 1874 2971 1927 vice
3020 1882 3079 1927 et
3132 1873 3369 1928 nomine
3403 1875 3491 1929 sui
3524 1874 3875 1933 communis,

2243 1952 2407 2005 cuius
2441 1952 2779 2006 ambaxator
2828 1958 2953 2004 erat
3002 1951 3151 2006 sicut
3197 1949 3446 2013 dicebat,
3494 1950 3811 2019 postulavit
3846 1969 3879 2003 a

2244 2029 2485 2082 domino
2524 2027 2814 2082 Bernardo
2866 2036 3152 2094 potestate
3192 2028 3504 2090 Cremone,
3542 2038 3606 2082 ut
3640 2028 3754 2081 sibi
3790 2044 3882 2081 re-

2244 2106 2558 2172 sponderet
2592 2105 2785 2159 debite
2822 2106 2916 2159 vel
2948 2105 3022 2158 de
3046 2105 3197 2159 facto
3224 2105 3427 2160 Bonini
3453 2105 3593 2160 civis
3611 2105 3878 2166 astensiS,

2245 2183 2565 2238 secundum
2602 2183 2763 2252 quod
2799 2182 3053 2251 prefatus
3089 2181 3363 2236 dominus
3387 2183 3713 2236 Astesanus
3752 2197 3881 2248 pro-

2246 2269 2519 2327 posuerat
2554 2261 2609 2314 in
2645 2260 2941 2315 credentia
2992 2259 3356 2314 cremonensi
3410 2259 3535 2326 ipsa
3568 2259 3666 2312 die
3703 2275 3881 2324 super

2246 2339 2357 2392 hoc
2392 2336 2607 2392 habita.
2647 2339 2907 2392 Potestas
2941 2353 3080 2390 vero
3114 2336 3416 2403 respondit
3448 2337 3609 2405 quod
3646 2344 3883 2402 paratus

2246 2425 2371 2470 erat
2402 2416 2625 2471 solvere
2650 2415 2871 2482 prefato
2900 2413 3123 2469 Bonino
3155 2428 3368 2466 novem
3392 2412 3566 2468 libras
3603 2412 3882 2480 imperial.

2246 2510 2351 2560 pro
2385 2493 2647 2561 quolibet
2681 2491 3031 2555 centenariO,
3060 2491 3209 2544 sicut
3232 2490 3563 2546 continetur
3590 2491 3647 2544 in
3676 2491 3883 2543 instru-

2248 2578 2443 2624 mento
2475 2587 2604 2634 su0,
2640 2579 2699 2623 et
2735 2569 2857 2636 ipse
2892 2566 3165 2622 dominus
3189 2568 3512 2621 Astesanus
3548 2567 3695 2620 dixit
3720 2566 3880 2632 quod

2245 2654 2476 2714 paratus
2511 2655 2633 2700 erat
2666 2646 2939 2713 recipere.
2992 2643 3153 2698 salvo
3207 2643 3331 2698 iure
3378 2643 3514 2697 dicti
3570 2643 3780 2696 Bonini
3818 2653 3875 2695 et

2246 2725 2535 2779 sociorum
2570 2725 2696 2778 eius
2732 2724 2807 2777 de
2840 2720 3109 2787 dampnis
3134 2721 3346 2774 habitis
3370 2729 3429 2774 et
3452 2720 3747 2787 expensis,
3779 2721 3883 2772 Po-

2246 2811 2422 2856 testas
2457 2810 2655 2856 autem
2688 2799 2833 2854 dixit
2867 2799 3029 2866 quod
3063 2798 3217 2852 istud
3241 2798 3403 2852 nullo
3428 2797 3607 2851 modo
3644 2798 3880 2856 faceret.

2246 2880 2355 2934 nisi
2390 2880 2515 2946 ipse
2571 2878 2826 2932 Boninus
2878 2875 3241 2930 renunciaret
3290 2875 3451 2928 omni
3504 2874 3610 2928 iuri
3665 2891 3779 2926 suo
3826 2883 3885 2925 et

2247 2958 2519 3012 omnibus
2555 2954 2947 3011 instrumentis
2994 2953 3153 3020 quod
3189 2952 3279 3006 vel
3316 2968 3431 3021 que
3469 2951 3645 3005 habet
3678 2959 3885 3003 contra

2249 3037 2437 3102 ipsum
2472 3047 2812 3094 commune;
2851 3030 3012 3098 quod
3036 3029 3224 3084 dictus
3246 3028 3521 3082 dominus
3554 3030 3886 3082 Astesanus

2249 3114 2435 3168 facere
2472 3110 2670 3174 noluit,
2696 3109 2801 3163 sed
2825 3106 3137 3176 postulavit
3158 3107 3233 3160 ab
3260 3105 3382 3172 ipsa
3404 3114 3690 3172 potestate
3721 3103 3883 3172 quod

2249 3190 2460 3244 faceret
2492 3188 2775 3242 rationem
2831 3185 2986 3238 dicto
3024 3182 3248 3237 Bonino
3282 3190 3341 3236 et
3387 3182 3667 3249 reciperet
3703 3190 3886 3235 testes

2247 3284 2387 3320 suos
2421 3283 2571 3332 quos
2606 3271 2837 3332 paratus
2872 3268 2995 3316 erat
3028 3259 3368 3320 ostendere;
3406 3267 3467 3313 et
3502 3266 3766 3326 potestas
3802 3275 3887 3311 re-

2248 3343 2484 3412 spondit
2518 3341 2676 3409 quod
2714 3357 2831 3394 non
2890 3339 3105 3392 faceret
3136 3336 3295 3390 aliud
3329 3335 3490 3404 quod
3524 3336 3757 3390 dixerat
3796 3352 3888 3388 su-

2250 3436 2369 3487 pra,
2408 3429 2467 3474 et
2500 3420 2612 3473 hoc
2644 3418 2876 3471 dicebat
2909 3432 2973 3470 se
2996 3413 3270 3468 habuisse
3294 3429 3399 3482 pro
3425 3413 3667 3468 consilio
3704 3429 3743 3465 a
3767 3429 3887 3465 1110-

2247 3497 2452 3551 dencia
2484 3497 2793 3550 Cremone.

2317 3609 2361 3671 -Ι-
2396 3607 2523 3672 Ego
2560 3606 2849 3658 lohannes
2882 3602 3038 3666 Vita,
3082 3599 3339 3656 notarius
3378 3597 3665 3653 Frederici
3703 3598 3889 3664 impe-

2250 3683 2472 3744 ratoris,
2509 3681 2737 3736 interfui
2772 3689 2833 3734 et
2866 3680 3014 3734 hanc
3047 3687 3264 3732 cartam
3300 3676 3521 3744 scripsi.

2255 3938 2338 4001 15.
2388 3957 2467 3965 -—
2520 3937 2697 3997 1227,
2746 3915 2920 3980 mad.
2968 3934 3025 3996 5,
3073 3916 3246 3989 XV,
3303 3915 3689 3978 Cremonae.

2342 4073 2653 4135 Boninus
2699 4071 2786 4134 de
2830 4068 3367 4133 Montemolerio
3410 4065 3716 4149 porrigit
3780 4065 3885 4127 lit-

2258 4177 2441 4230 teras
2486 4165 2874 4229 communis
2916 4164 3172 4228 Ianuae
3238 4162 3312 4224 in
3356 4180 3564 4224 manu
3604 4158 3887 4223 Girardi

2260 4263 2346 4325 de
2391 4261 2654 4333 Sasola,
2720 4257 2975 4322 iudicis
3041 4255 3432 4339 potestatis,
3488 4256 3732 4317 dicens
3794 4273 3888 4315 ex

2258 4366 2457 4437 parte
2500 4352 2889 4418 communis
2932 4351 3189 4416 Ianuae
3242 4361 3317 4414 ut
3361 4347 3572 4412 faciat
3614 4347 3752 4411 sibi
3785 4369 3887 4410 ra-

2257 4449 2539 4513 tionem.

2258 4707 2342 4767 16.
2390 4740 2468 4748 —
2523 4722 2700 4782 1227,
2749 4700 2921 4764 mad.
2972 4719 3071 4780 25,
3119 4699 3291 4774 XV,
3349 4699 3731 4763 Cremonae.

2343 4855 2656 4920 Boninus
2716 4855 3089 4918 denunciat
3143 4851 3494 4936 potestati,
3541 4873 3631 4915 ex
3684 4862 3889 4933 parte

2258 4950 2648 5014 communis
2693 4949 2940 5022 Astae,
2986 4959 3063 5012 ut
3107 4947 3315 5011 faciat
3358 4946 3492 5010 sibi
3523 4946 3889 5009 rationem.

2259 5228 2344 5288 17.
2390 5243 2473 5253 —-—
2528 5227 2704 5287 1227,
2794 5205 2903 5280 id„
2992 5205 3082 5268 id.

2346 5363 2609 5427 Eadem
2658 5361 3033 5425 denunciat
3090 5379 3182 5422 ex
3247 5368 3445 5440 parte
3502 5358 3893 5420 communis

2264 5459 2541 5521 Ianuae.
