4050 6109
513 310 638 388 4-48

1663 317 2131 370 CORREZIONI
2174 316 2275 368 ED
2318 318 2712 370 AGGIUNTE

507 561 619 612 Pag.
651 559 752 603 Lin.
783 560 884 604 Col.

983 667 1202 723 minam
1251 667 1561 723 abatissam
1611 666 1734 720 sive
1785 673 1918 720 ante
1965 671 2135 731 pote-

977 761 1207 816 statem,
1244 753 1430 807 solvat
1465 753 1519 806 V
1552 752 1683 816 sol„
1727 759 1786 805 et
1827 757 1961 804 ante
1995 765 2135 803 suos

982 839 1236 902 nuntios,
1275 839 1390 893 XII
1426 837 1561 893 den.

913 934 1061 986 Item
1095 933 1143 988 si
1179 933 1310 1002 quis
1344 931 1543 987 fecerit
1575 930 1801 986 feritam
1825 928 2135 995 sanguino-

982 1018 1226 1082 lentam,
1281 1018 1467 1072 solvat
1517 1033 1624 1084 pro
1671 1015 1865 1070 banno
1917 1015 1971 1068 X
2024 1013 2131 1069 sol.

981 1106 1142 1173 imp„
1179 1115 1239 1160 et
1272 1106 1320 1160 si
1355 1103 1583 1159 dederit
1614 1102 1851 1169 culpum
1885 1101 1976 1154 vel
2013 1101 2135 1154 ala-

977 1208 1132 1258 pam,
1170 1193 1244 1245 V.
1282 1191 1389 1245 sol.
1427 1190 1568 1258 imp.

911 1286 1060 1342 Item
1085 1285 1134 1339 si
1157 1285 1324 1339 alicui
1347 1285 1422 1338 de
1445 1285 1792 1352 Cigognaria
1809 1284 2137 1351 acciperent

975 1369 1170 1438 aliqua
1193 1368 1377 1423 bestia
1400 1369 1492 1422 vel
1528 1369 1738 1436 pignus
1767 1385 1874 1436 pro
1900 1367 2135 1423 comuni

977 1456 1298 1518 Cremone,
1347 1455 1560 1509 debeat
1603 1456 1657 1508 ei
1705 1455 2004 1510 restituere
2055 1454 2134 1520 pi-

977 1556 1128 1608 gnus
1164 1540 1244 1593 VI
1278 1541 1358 1608 (Ρ)
1391 1539 1552 1608 quod
1587 1539 1663 1594 ad
1699 1539 1930 1594 tertium
1975 1538 2132 1592 diem

979 1627 1037 1680 in
1073 1625 1269 1680 banno
1306 1625 1440 1679 den.
1477 1626 1562 1680 VI
1607 1624 1813 1679 dandis
1847 1641 1954 1693 pro
1994 1640 2135 1692 qua-

977 1710 1117 1764 libet
1150 1711 1267 1765 die.

912 1807 1058 1859 Item
1095 1813 1372 1860 statutum
1407 1814 1514 1870 est,
1553 1804 1713 1872 quod
1749 1803 1944 1858 omnia
1967 1801 2132 1857 fodra

979 1889 1231 1944 debeant
1265 1891 1435 1944 scribi
1469 1890 1528 1944 in
1565 1906 1683 1944 uno
1711 1889 1858 1943 libro
1881 1904 1987 1956 pro
2011 1904 2131 1956 quo

976 1977 1166 2046 posita
1195 1975 1405 2030 fuerint
1439 1984 1498 2030 et
1531 1991 1737 2029 omnes
1769 1973 2003 2044 calstas]
2037 1991 2131 2028 co-

977 2062 1169 2116 munis
1202 2071 1432 2116 exactas
1466 2069 1527 2116 et
1560 2077 1676 2130 que
1713 2061 2035 2127 exigentur,
2072 2067 2131 2112 et

975 2147 1136 2200 illum
1172 2145 1382 2202 librum
1417 2146 1629 2201 debeat
1671 2155 1868 2200 tenere
1904 2146 2005 2214 qui
2042 2153 2130 2199 est

973 2233 1233 2288 ellectuS.

909 2327 1056 2382 Item
1081 2329 1130 2382 si
1153 2329 1284 2397 quis
1305 2337 1528 2383 teneret
1563 2329 1816 2396 aliquem
1853 2327 2131 2394 pixonen-

971 2423 1097 2468 tum
1141 2415 1222 2482 (it.
1265 2414 1612 2482 ptjgiortante)
1659 2415 1716 2468 in
1761 2413 2129 2480 Cigognarim

975 2497 1182 2554 debeat
1205 2500 1392 2553 facere
1414 2500 1780 2555 securitatem
1804 2514 2000 2553 coram
2027 2496 2131 2551 do-

976 2585 1132 2639 mina
1177 2585 1444 2650 abatissa,
1480 2585 1600 2638 sive
1636 2601 1884 2652 persona
1927 2585 2129 2638 ellecta

975 2687 1083 2738 pro
1118 2687 1188 2724 ea
1224 2670 1313 2724 vel
1347 2671 1467 2724 suis
1509 2670 1740 2739 nuntiis,
1781 2686 1889 2737 pro
1931 2686 2131 2736 supra-

973 2755 1130 2809 dicto
1153 2755 1490 2822 pixonentO,
1520 2755 1626 2826 [et]
1656 2756 1704 2808 si
1739 2755 1934 2808 fecerit
1969 2755 2131 2807 dam-

973 2857 1114 2894 num
1151 2840 1386 2908 aliquod
1412 2841 1468 2893 in
1499 2841 1726 2905 havere,
1753 2840 1965 2893 debeat
1991 2855 2127 2892 eum

973 2927 1161 2981 iacere
1184 2935 1335 2980 stare
1359 2927 1476 2979 suis
1502 2927 1806 2992 preceptiS,
1833 2935 1892 2980 et
1927 2925 1974 2978 si
2009 2941 2129 2978 non

977 3020 1172 3072 staret,
1210 3012 1394 3065 solvat
1417 3027 1524 3078 pro
1547 3027 1620 3064 eo
1643 3012 1732 3065 vel
1759 3027 1894 3065 eum
1919 3011 2131 3063 debeat

976 3097 1266 3163 expellere
1310 3113 1342 3149 a
1389 3113 1498 3150 suo
1539 3105 1887 3150 casamentO.

911 3199 1058 3252 Item
1095 3199 1141 3250 si
1178 3198 1414 3252 domina
1447 3199 1736 3254 abbatissa
1761 3199 2011 3252 mitteret
2034 3197 2131 3251 ali-

977 3301 1154 3351 quem
1191 3300 1297 3350 pro
1334 3293 1638 3352 potestate,
1665 3284 1755 3337 vel
1791 3285 2049 3351 aliquem
2073 3283 2130 3335 in

977 3385 1084 3422 suo
1100 3369 1232 3423 loco
1257 3370 1313 3423 in
1332 3369 1484 3424 dicta
1508 3378 1675 3432 terra,
1698 3369 1908 3424 debeat
1943 3369 2129 3422 iurare

979 3470 1152 3521 super
1188 3463 1397 3509 statuta
1433 3455 1538 3508 ista
1573 3463 1632 3508 et
1667 3455 1790 3522 ipsa
1823 3455 2131 3508 observare

975 3540 1033 3593 in
1069 3541 1341 3594 omnibus
1387 3553 1502 3608 que
1554 3541 1708 3594 intus
1742 3541 2127 3594 continentur.

911 3627 1058 3680 Item
1111 3627 1158 3679 si
1215 3627 1348 3692 quis
1401 3626 1624 3679 dederit
1675 3626 1953 3680 damnum
1996 3642 2130 3678 cum

974 3727 1125 3780 bove
1152 3727 1243 3779 vel
1279 3743 1436 3794 equo
1473 3728 1561 3780 vel
1587 3743 1740 3794 equa
1764 3711 1848 3780 vel
1877 3728 2045 3782 asino
2071 3725 2130 3778 in

975 3811 1092 3874 die,
1127 3811 1405 3876 studiose,
1443 3813 1628 3866 solvat
1661 3829 1768 3879 pro
1803 3813 1998 3865 banno
2029 3829 2130 3865 sex

974 3897 1133 3960 den.,
1161 3907 1220 3951 et
1254 3898 1312 3951 in
1350 3907 1537 3962 nocte,
1567 3899 1619 3950 V
1644 3897 1749 3951 sol.
1777 3907 1835 3952 et
1859 3897 2133 3950 emendet

973 3983 1253 4037 damnum
1273 3983 1352 4037 illi
1377 3983 1468 4036 cui
1494 3983 1706 4037 sactum
1726 3983 1849 4046 suit,
1871 3991 1928 4036 et
1946 3983 2133 4036 solvat

973 4085 1080 4136 pro
1104 4069 1288 4124 bestia
1325 4069 1546 4123 minuta
1585 4070 1608 4122 Ι
1645 4070 1779 4123 den.

911 4171 1057 4227 Item
1081 4173 1130 4226 si
1159 4172 1484 4238 camparius
1509 4172 1704 4226 fecerit
1731 4187 1997 4225 accusam
2033 4170 2132 4225 ali-

976 4275 1173 4325 quam,
1225 4258 1440 4312 debeat
1487 4273 1618 4311 eam
1667 4257 1853 4310 facere
1898 4257 1955 4310 in
2006 4273 2131 4324 pre-

973 4343 1156 4398 sentia
1191 4343 1364 4398 unius
1399 4343 1670 4397 hominis·

906 4447 1054 4501 Item
1079 4455 1356 4501 statutum
1375 4453 1482 4510 est,
1507 4445 1664 4513 quod
1691 4446 1739 4498 si
1765 4445 1972 4513 aliquis
1995 4462 2132 4498 ven-

977 4533 1140 4587 deret
1174 4541 1384 4586 terram
1429 4532 1597 4586 alicui
1637 4531 1714 4584 de
1761 4530 2127 4598 Cigognaria,

974 4627 1076 4672 aut
1109 4620 1490 4685 impegnaret,
1527 4618 1740 4670 debeat
1765 4617 2128 4670 manifestare

972 4703 1210 4757 domine
1257 4703 1550 4757 abbatisse
1584 4703 1674 4756 vel
1719 4702 1838 4756 suis
1891 4701 2126 4762 nuntiiS,

972 4797 1032 4842 et
1067 4789 1114 4842 si
1150 4798 1379 4855 emptor
1413 4804 1531 4842 non
1569 4787 1958 4842 manifestaret
1987 4785 2127 4838 dum

974 4874 1199 4927 laboret
1235 4889 1421 4940 usque
1445 4873 1521 4926 ad
1543 4874 1784 4926 tercium
1820 4873 1995 4934 diem,
2020 4871 2131 4924 sol-

974 4967 1071 5013 vat
1107 4975 1212 5026 pro
1247 4959 1444 5012 banno
1481 4960 1534 5012 V
1569 4959 1676 5012 sol.

907 5059 1056 5116 Item
1092 5060 1254 5129 quod
1291 5059 1481 5115 nullus
1516 5060 1727 5115 debeat
1761 5061 2011 5114 vendere
2039 5060 2128 5112 vel

973 5149 1308 5215 impegnare
1353 5155 1533 5201 terras
1580 5145 1917 5201 monasterii
1957 5146 2129 5199 alicui

973 5233 1294 5297 foresterio,
1314 5233 1372 5286 in
1393 5233 1590 5285 banno
1610 5232 1812 5285 decem
1832 5231 1966 5284 den.
1987 5232 2126 5298 imp.

974 5326 1200 5373 tantum
1221 5327 1502 5387 quantum
1525 5311 1691 5371 suerit
1714 5317 1960 5384 pretium
1979 5325 2130 5370 terre

973 5403 1208 5458 vendite
1245 5406 1300 5456 in
1338 5404 1490 5457 dicta
1517 5413 1685 5466 terra,
1722 5417 1822 5454 scu
1861 5410 2009 5456 terra
2046 5419 2129 5454 re·

975 5499 1208 5544 maneat
1245 5491 1612 5542 monasterio.

2233 559 2343 612 Pag.
2374 559 2477 603 Lin.
2508 559 2610 604 Col.

2172 5478 2181 5552 Ι

2636 667 2787 721 Item
2830 665 2879 719 si
2931 665 3319 722 exclamatum
3361 667 3533 722 suerit
3572 685 3841 736 arengum

2700 768 2809 820 pro
2832 753 3181 820 Cigognaria
3214 762 3275 808 et
3308 754 3409 822 qui
3433 754 3726 810 evitaverit
3746 772 3843 810 ve-

2700 837 2844 902 nire,
2891 839 3078 893 solvat
3122 855 3229 906 pro
3274 840 3470 894 banno
3504 839 3651 892 VIII
3690 839 3842 908 den.,

2702 923 2812 976 nisi
2865 924 3203 980 remanserit
3242 924 3393 980 iusto
3438 924 3846 992 impedimento

2702 1008 2792 1062 vel
2828 1007 2977 1064 iusta
3009 1025 3199 1065 causa.

2640 1091 2787 1148 Item
2822 1093 2984 1161 quod
3019 1095 3212 1149 nullus
3254 1096 3431 1150 homo
3466 1096 3678 1150 debeat
3709 1113 3847 1150 ven-

2702 1177 2842 1232 dere
2864 1179 3092 1234 blavam
3128 1189 3230 1235 aut
3262 1181 3462 1236 vinum
3488 1198 3623 1236 cum
3658 1183 3847 1250 aliquo

2702 1265 2971 1330 sextari0,
3012 1265 3122 1319 nisi
3166 1266 3240 1319 ad
3278 1267 3484 1320 iustam
3523 1282 3846 1321 mensuram

2704 1350 2969 1404 comunis
2993 1351 3282 1406 Cremone
3316 1351 3591 1406 bollatam
3628 1368 3730 1418 per
3762 1367 3849 1405 su—

2702 1443 3025 1501 perstantes
3032 1436 3182 1491 duos
3197 1436 3499 1491 hominum
3512 1437 3849 1504 Cigognarie

2702 1520 2958 1585 ellect03,
2977 1529 3036 1576 et
3057 1521 3105 1575 si
3131 1522 3263 1589 quis
3284 1531 3485 1576 contra
3509 1523 3615 1576 hec
3638 1522 3847 1584 fecerit,

2700 1605 2885 1660 solvat
2917 1622 3022 1674 pro
3045 1608 3243 1662 banno
3276 1624 3381 1662 sex
3414 1608 3550 1662 den.
3584 1609 3725 1675 imp.
3750 1623 3849 1675 pro

2702 1691 2961 1757 qualibet
2995 1691 3141 1746 vice.
3662 1753 3677 1766 ‚

2634 1775 2781 1828 Item
2804 1776 2852 1830 si
2879 1777 3011 1844 quis
3032 1777 3357 1832 vendiderit
3390 1794 3613 1843 carneS,
3642 1777 3850 1832 vendat

2700 1860 2774 1914 ad
2800 1861 3007 1916 iustam
3032 1879 3363 1918 mensuram
3388 1863 3497 1918 sibi
3520 1863 3721 1918 datam
3754 1880 3851 1932 per

2698 1955 3092 2014 superstantes
3138 1950 3359 2016 positos
3408 1966 3511 2016 per
3556 1949 3849 2003 dominam

2699 2033 3051 2088 abbatissam
3086 2035 3177 2088 vel
3224 2051 3363 2088 suos
3397 2035 3657 2099 nuntios»,
3705 2043 3765 2089 et
3804 2035 3849 2089 si

2696 2128 2896 2172 contra
2930 2119 3038 2173 hec
3072 2119 3285 2183 fecerit,
3310 2121 3499 2175 solvat
3519 2137 3629 2188 pro
3662 2121 3850 2174 banno

2696 2219 2797 2257 sex
2832 2204 2967 2260 den.
3006 2214 3065 2260 et
3099 2206 3303 2273 perdat
3336 2223 3557 2262 carneS.

2631 2290 2778 2343 Item
2814 2290 2860 2343 si
2896 2291 3028 2358 quis
3063 2291 3387 2347 vendiderit
3430 2309 3635 2346 carnes
3660 2292 3851 2345 morti-

2697 2375 2845 2430 tinas
2868 2393 2973 2444 per
2996 2377 3201 2441 bonas,
3226 2378 3412 2433 solvat
3442 2378 3706 2433 bannum
3740 2377 3847 2431 XII

2697 2459 2831 2516 den.
2870 2471 2929 2516 et
2963 2462 3167 2530 perdat
3200 2481 3419 2518 carnes.

2631 2555 2775 2608 Item
2800 2556 2850 2608 si
2874 2557 3003 2624 quis
3021 2555 3346 2611 vendiderit
3368 2573 3568 2611 carnes
3586 2557 3665 2611 de
3682 2573 3850 2624 porca

2696 2655 2803 2706 pro
2837 2656 3035 2707 porc0,
3071 2642 3257 2696 solvat
3290 2657 3399 2709 pro
3434 2643 3633 2697 banno
3666 2643 3722 2696 X
3746 2643 3846 2696 sol.

2698 2724 2838 2792 imp.
2886 2735 2945 2780 et
2989 2726 3194 2794 perdat
3244 2743 3448 2781 carnes
3499 2736 3563 2782 ut
3617 2728 3849 2782 combu-

2700 2819 2914 2865 rantur.

2632 2895 2779 2949 Item
2806 2904 3083 2950 statutum
3119 2906 3228 2961 est,
3260 2898 3421 2966 quod
3446 2898 3493 2952 si
3518 2899 3732 2965 aliquis
3758 2897 3847 2950 de-

2700 2982 2862 3036 beret
2884 2983 3099 3036 habere
3124 2983 3393 3037 denarios
3418 2984 3493 3038 ab
3516 2984 3719 3051 aliquo
3755 2985 3849 3037 ho-

2699 3068 2873 3130 mine,
2900 3077 2960 3122 et
2988 3069 3275 3135 acciperet
3295 3077 3558 3124 tenutam
3594 3069 3673 3122 de
3706 3078 3849 3122 terra

2700 3169 2825 3215 sua,
2875 3153 3034 3220 quod
3080 3154 3233 3207 dicta
3272 3163 3425 3208 terra
3466 3155 3683 3208 debeat
3716 3153 3849 3208 exti-

2700 3238 2841 3290 mari
2876 3239 2951 3291 ad
2987 3239 3339 3293 voluntatem
3376 3249 3631 3306 quatuor
3666 3239 3851 3292 homi-

2697 3339 2857 3392 num,
2903 3323 3003 3390 qui
3052 3332 3247 3378 essent
3290 3325 3477 3378 ellecti
3518 3341 3629 3391 per
3672 3323 3848 3377 domi·

2699 3425 2834 3462 nam
2882 3409 3260 3474 abbatissam,
3316 3409 3642 3484 secund-um
3696 3409 3849 3478 quod

2700 3503 2851 3548 terra
2880 3503 3035 3548 esset
3069 3495 3220 3548 bona
3253 3495 3345 3548 vel
3382 3496 3533 3549 mala
3566 3510 3676 3561 per
3710 3495 3845 3548 loca.

2633 3589 2779 3642 Item
2816 3597 3094 3642 statutum
3130 3597 3238 3650 est,
3274 3587 3437 3656 quod
3472 3597 3731 3656 potestas
3766 3589 3850 3641 Ci—

2700 3675 2977 3742 gognarie
2995 3674 3207 3727 debeat
3224 3674 3571 3741 compellere
3588 3675 3850 3728 homines

2694 3759 3021 3826 supradicte
3056 3768 3207 3814 terre
3234 3761 3459 3814 solvere
3484 3775 3694 3814 omnes
3716 3760 3842 3814 den.

2698 3845 2775 3898 de
2820 3861 3021 3898 mense
3068 3853 3384 3912 antequam
3432 3853 3601 3898 exeat
3636 3844 3711 3898 de
3745 3859 3847 3897 suo

2696 3931 2997 3996 regimine.

2632 4025 2779 4079 Item
2814 4033 3094 4078 statutum
3118 4032 3225 4088 est,
3252 4023 3415 4092 quod
3448 4024 3496 4077 si
3532 4024 3743 4091 aliquis
3774 4023 3845 4076 se—

2700 4111 2843 4164 cerit
2886 4110 3165 4164 damnum
3212 4111 3271 4164 in
3316 4111 3520 4172 vineiS,
3568 4111 3618 4164 si
3664 4111 3723 4163 in
3758 4109 3845 4162 die

2702 4196 2893 4250 fecerit
2928 4196 3114 4250 solvat
3136 4212 3242 4263 pro
3266 4197 3463 4251 banno
3492 4196 3578 4249 111
3605 4194 3762 4258 den.,
3794 4201 3845 4246 et

2699 4285 2745 4339 si
2794 4285 3091 4351 potaverit,
3138 4285 3325 4339 solvat
3370 4300 3477 4352 pro
3512 4284 3711 4338 banno
3750 4299 3843 4336 sex

2701 4369 2859 4432 den.,
2906 4378 2966 4423 et
3012 4369 3058 4422 si
3106 4369 3161 4423 in
3212 4378 3401 4434 nocte,
3446 4370 3561 4422 XII
3599 4369 3757 4432 den.,
3792 4375 3845 4420 et

2698 4458 2970 4511 emendet
3005 4456 3305 4510 damnum.

2767 4545 2897 4596 Hoc
2933 4551 3021 4596 est
3054 4550 3333 4597 statutum
3374 4543 3641 4596 comunis
3683 4541 3842 4608 Cigo-

2698 4628 2895 4694 gnarie
2931 4628 3143 4681 factum
3180 4636 3239 4681 et
3272 4627 3608 4681 roboratum
3632 4643 3737 4694 per
3764 4625 3843 4678 di·

2696 4723 2849 4770 ctam
2886 4712 3267 4767 Armelinam.

2768 4800 2819 4852 N
2824 4798 2933 4851 ella
2950 4813 3303 4865 pergamena
3310 4795 3624 4852 dell’Arch.
3636 4795 3838 4850 storico

2696 4885 2972 4950 Gonzaga
3006 4884 3179 4938 esiste
3227 4899 3438 4938 ancora
3478 4883 3534 4936 la
3572 4889 3838 4950 seguente

2696 4970 2943 5032 rubrica,
2966 4977 3269 5023 maneante
3292 4970 3389 5023 nel
3414 4968 3711 5036 quademo
3731 4965 3838 5020 del-

2694 5052 3009 5105 l'Archivio
3063 5051 3215 5104 della
3268 5049 3734 5117 Congregazione
3782 5047 3833 5101 di

2696 5137 2907 5200 Carita,
2944 5137 2999 5189 la
3035 5136 3207 5204 quale
3241 5135 3288 5188 si
3324 5135 3473 5189 deve
3499 5135 3832 5202 aggiungere

2696 5222 2779 5275 fra
2812 5222 2867 5275 la
2900 5221 3220 5288 penultima
3268 5239 3302 5275 e
3348 5221 3589 5275 l’ultima
3621 5219 3831 5274 rubrica

2698 5307 2849 5360 della
2883 5307 3128 5360 colonna
3166 5307 3366 5373 prima,
3402 5323 3535 5373 pag.
3571 5309 3693 5372 318:

2626 5403 2918 5456 Statutum
2938 5409 3044 5464 est,
3067 5400 3226 5468 quod
3245 5401 3442 5454 omnia
3452 5400 3825 5454 ordinamenta

2700 5488 2845 5540 sacta
2877 5503 2983 5555 pro
3006 5487 3237 5564 comuni
3273 5487 3349 5540 de
3390 5485 3721 5553 Cigognaria
3753 5484 3821 5535 in-
