4050 6109
1117 296 1288 344 LITE
1331 296 1476 346 CON
1523 297 1806 346 BONINO
1851 299 2371 350 MOMMOLERIO
2417 302 2497 350 DI
2544 303 2713 350 ASTI

218 545 422 598 soldos
462 547 781 612 papienses
832 550 1032 603 eundo
1073 559 1132 603 et
1167 551 1466 604 redeundo
1503 552 1874 613 Cremonam,

217 633 272 675 et
309 622 731 678 denuntiando
782 625 1055 692 potestati
1110 629 1396 680 Cremone
1452 627 1612 694 quod
1660 627 1876 679 delibe-

215 707 366 752 raret
405 717 596 754 naves
633 719 752 768 que
788 711 955 757 erant
991 705 1318 757 intromisse
1357 704 1548 770 Papie.
1583 705 1728 757 Item
1755 705 1871 756 1111

214 777 420 830 soldos
461 778 747 844 imperial.
788 779 846 832 in
883 780 995 834 alia
1031 789 1191 846 parte
1227 797 1378 848 quos
1413 781 1874 846 expendiderunt

213 855 520 908 Cremone
557 856 800 923 quando
839 858 1076 923 petebat
1111 866 1387 922 potestas.
1419 860 1566 910 Item
1603 857 1714 910 alia
1749 858 1872 910 vice

211 931 466 996 quando
503 942 794 986 venerunt
829 933 904 986 ad
937 935 1254 1000 predictam
1279 943 1624 1000 potestatem
1662 951 1876 1000 expen-

212 1007 504 1063 diderunt
541 1011 594 1062 V
632 1010 834 1064 soldos
869 1011 1176 1077 papienses
1215 1012 1270 1065 in
1316 1013 1682 1066 comestione.
1725 1013 1870 1066 Item

215 1086 263 1137 11
303 1087 526 1140 soldos
554 1103 706 1154 quos
730 1088 1023 1141 dederunt
1047 1089 1102 1142 in
1131 1107 1246 1142 uno
1271 1089 1654 1142 instrumento
1681 1089 1874 1157 Papie,

209 1163 376 1228 quod
423 1165 883 1218 instrumentum
909 1166 1165 1219 debebat
1188 1166 1415 1218 defferri
1442 1167 1710 1231 potestati
1739 1167 1874 1219 Cre-

211 1256 420 1292 mone.
466 1243 615 1295 Item
655 1243 818 1309 quod
844 1242 1133 1296 dederunt
1160 1244 1246 1296 111
1273 1243 1470 1298 soldos
1497 1243 1688 1296 minus
1725 1244 1746 1296 Ι
1773 1243 1874 1296 de-

211 1317 456 1370 narium
493 1319 592 1372 uni
647 1319 856 1372 nuntio
893 1336 1068 1386 quem
1106 1327 1361 1385 potestas
1401 1320 1573 1386 Papie
1609 1319 1764 1372 misit
1795 1319 1871 1372 ad

207 1395 678 1448 custodiendum
707 1411 906 1458 naveS,
934 1405 992 1449 et
1020 1405 1401 1462 preceperunt
1425 1397 1478 1449 ei
1504 1406 1568 1450 ut
1589 1397 1873 1462 acciperet

208 1480 453 1524 tantum
491 1473 567 1525 de
593 1473 889 1526 frumento
915 1473 1074 1540 quod
1101 1482 1254 1527 esset
1277 1474 1425 1527 bene
1456 1473 1695 1528 solutus,
1723 1475 1870 1528 Item

205 1548 256 1600 V
288 1549 512 1602 soldos
566 1565 718 1617 quos
771 1549 1238 1616 expendiderunt
1290 1551 1347 1603 in
1402 1550 1500 1602 illo
1537 1551 1632 1603 die
1682 1551 1738 1603 in
1776 1568 1870 1604 co—

207 1625 533 1679 mestione.
559 1628 707 1680 Item
733 1628 819 1679 III
843 1627 1042 1680 soldos
1066 1643 1215 1694 quos
1234 1627 1524 1681 dederunt
1542 1627 1640 1680 uni
1663 1629 1869 1682 nuntio

205 1702 304 1768 qui
345 1703 464 1756 ivit
499 1720 634 1756 cum
691 1704 884 1757 nautis
925 1702 1000 1756 ad
1037 1703 1351 1758 dicendum
1388 1704 1657 1771 potestati
1697 1705 1870 1770 Papie

205 1781 378 1846 quod
425 1797 544 1832 non
583 1781 800 1834 faceret
854 1779 985 1833 duci
1023 1797 1200 1834 naves
1235 1781 1310 1834 ad
1345 1782 1635 1834 civitatem
1675 1781 1866 1848 Papie,

203 1858 377 1923 quod
423 1858 548 1924 ipsa
585 1866 847 1923 potestas
881 1857 1087 1912 noluit.
1146 1860 1294 1913 Item
1347 1860 1650 1912 sestarium
1687 1875 1870 1912 unum

203 1934 408 1998 spelte
443 1934 610 2002 quod
635 1934 1001 1988 abstulerunt
1023 1935 1076 1988 ei
1100 1936 1288 1990 nuntii
1312 1936 1638 1988 communis
1673 1936 1865 2002 Papie,

205 2012 364 2063 Item
409 2010 886 2076 expendiderunt
921 2011 978 2064 in
1017 2013 1142 2066 aliis
1178 2013 1435 2080 partibus
1461 2014 1602 2066 Otto
1639 2014 1870 2080 Zoppus

201 2095 258 2139 et
297 2088 614 2140 Iohannes
663 2089 939 2141 Caballus
991 2089 1065 2143 de
1112 2089 1362 2143 Valenza
1405 2105 1512 2156 pro
1548 2089 1869 2144 retentione

201 2173 260 2216 et
297 2163 753 2220 intromissione
813 2181 929 2233 que
982 2167 1131 2220 facta
1183 2166 1290 2220 suit
1343 2166 1536 2234 Papie,
1576 2166 1631 2220 in
1669 2167 1868 2234 prImis

203 2242 542 2294 XXXVIII
596 2241 798 2295 soldos
851 2245 1158 2309 papienses
1211 2259 1360 2310 quos
1407 2243 1871 2310 expendiderunt

200 2319 257 2370 in
278 2319 662 2372 comestione
681 2319 762 2373 ibi
787 2320 1092 2374 existendo
1112 2320 1187 2374 ad
1205 2319 1654 2374 custodiendum
1673 2337 1866 2376 naveS.

207 2397 364 2448 Item
424 2397 510 2449 XI
570 2397 773 2450 soldos
829 2398 1032 2464 imper.
1090 2413 1241 2465 quos
1293 2397 1756 2463 expendiderunt
1809 2398 1865 2451 in

200 2473 414 2526 eundo
451 2481 516 2526 et
551 2473 862 2526 redeundo
914 2475 1284 2536 Cremonam,
1341 2483 1404 2527 ut
1438 2483 1694 2541 potestas
1729 2474 1867 2527 deli-

199 2551 446 2604 beraret
469 2566 656 2604 naves
679 2551 984 2618 predictas,
1018 2553 1165 2605 Item
1190 2551 1484 2618 predictus
1502 2553 1574 2605 W
1579 2550 1866 2605 uilielmus

201 2627 436 2680 Cervus
475 2627 824 2693 expendidit
847 2628 1084 2695 quando
1109 2645 1288 2682 naves
1322 2627 1610 2694 predictas
1645 2637 1864 2682 retente

201 2704 474 2765 suerunt,
517 2713 582 2757 ut
617 2705 843 2757 veniret
879 2706 1229 2758 Cremonam
1255 2705 1328 2759 ad
1355 2705 1670 2772 petendum
1705 2713 1866 2771 pote-

200 2789 424 2834 statem
469 2790 532 2834 ut
569 2781 920 2836 deliberaret
955 2782 1137 2835 dictas
1172 2799 1369 2846 naves,
1408 2781 1569 2836 dedit
1605 2791 1662 2836 et
1697 2782 1866 2836 solvit

201 2858 263 2909 in
301 2867 556 2923 pastura
581 2859 832 2912 duorum
861 2875 1147 2926 equorum
1176 2861 1289 2914 XII
1315 2859 1512 2913 soldos
1538 2860 1862 2927 papienses.

205 2935 360 2986 Item
401 2934 611 2988 eundo
640 2943 700 2987 et
728 2934 1030 2988 redeundo
1056 2945 1194 2988 tunc
1218 2952 1351 2988 cum
1395 2937 1865 2990 ambaxatoribus

201 3010 354 3062 inter
392 3027 462 3063 se
501 3021 564 3064 et
600 3012 794 3065 socios
829 3029 968 3066 suos
995 3013 1104 3066 XX
1130 3012 1327 3065 soldos
1362 3013 1688 3080 papienses,
1718 3014 1864 3066 Item

199 3089 510 3151 predictus
533 3089 905 3142 Wuilielmus
929 3105 1062 3142 cum
1082 3089 1252 3142 sociis
1277 3091 1414 3152 suiS,
1441 3089 1706 3143 videlicet
1730 3105 1864 3143 cum

205 3167 446 3220 Uberto
483 3167 564 3218 de
604 3167 916 3226 Bosascho,
939 3166 1404 3234 expendiderunt
1438 3169 1520 3222 VI
1558 3167 1732 3222 libras
1766 3183 1864 3234 pa-

201 3245 446 3310 pienses
484 3243 882 3298 custodiendo
919 3259 1096 3297 naves
1132 3245 1329 3297 eundo
1352 3253 1413 3298 et·
1433 3245 1736 3298 redeundo
1763 3245 1864 3298 Pa-

202 3323 385 3387 piam,
415 3331 479 3375 et
505 3321 588 3374 ibi
613 3320 846 3376 stando,
879 3322 1024 3374 Item
1051 3320 1251 3374 dicunt
1274 3321 1434 3390 quod
1461 3322 1518 3375 in
1549 3321 1658 3376 illis
1681 3323 1864 3378 tribus

202 3398 464 3450 navibus
500 3414 622 3466 que
659 3398 894 3452 suerunt
945 3397 1181 3451 detente
1221 3399 1396 3466 Papie
1432 3407 1597 3452 erant
1630 3407 1862 3453 centum

205 3475 442 3529 XXXV
479 3474 686 3527 modia
738 3475 1032 3536 frumenti,
1079 3483 1138 3528 et
1171 3485 1309 3529 tunc
1347 3476 1624 3542 temporis
1661 3477 1708 3528 si
1745 3492 1862 3530 non
1923 3515 1928 3524 .

204 3561 406 3605 essent
461 3553 708 3605 detente
761 3552 924 3619 quod
977 3553 1272 3606 venissent
1325 3553 1695 3617 Cremonam,
1750 3555 1864 3607 fru-

207 3637 480 3683 mentum
519 3629 732 3682 suisset
764 3627 1064 3682 venditum
1089 3645 1192 3683 sex
1217 3629 1416 3684 soldos
1445 3630 1730 3698 imperial.
1757 3647 1863 3697 pro

207 3707 479 3773 quolibet
517 3705 774 3760 sextario
797 3714 863 3758 et
880 3715 1104 3761 tantum
1131 3707 1304 3760 vendi
1342 3708 1624 3773 potuisset
1650 3716 1710 3762 et
1734 3709 1864 3774 plus

207 3793 266 3836 et
297 3785 381 3837 ita
417 3783 758 3837 comuniter
809 3783 1189 3847 vendebatur,
1244 3792 1304 3836 et
1343 3801 1475 3837 cum
1513 3795 1795 3839 venerunt
1828 3803 1862 3838 a

209 3862 386 3927 Papia
425 3877 552 3913 non
607 3859 972 3914 vendebatur
1027 3877 1216 3928 neque
1267 3862 1439 3916 vendi
1492 3870 1720 3928 poterat
1753 3862 1860 3915 nisi

209 3939 324 3991 1111
389 3937 604 3992 soldos
658 3936 924 4004 quolibet
975 3938 1261 4002 sextari03
1326 3940 1482 3992 unde
1541 3939 1860 4006 dampnum

207 4031 380 4068 suum
419 4023 518 4068 est
553 4015 668 4067 XX
704 4012 905 4067 soldos
934 4014 1011 4067 ad
1045 4015 1329 4068 rationem
1365 4015 1749 4082 imperialium
1786 4015 1858 4068 de

207 4092 476 4159 quolibet
515 4091 742 4144 modio·
785 4093 932 4145 Item
967 4091 1128 4158 quod
1165 4092 1222 4146 in
1250 4093 1522 4158 predictis
1557 4093 1739 4146 tribus
1763 4109 1861 4146 na-

207 4170 374 4222 vibus
411 4177 590 4222 erant
624 4169 764 4221 XVI
793 4167 990 4222 modia
1007 4167 1249 4236 siliginis
1278 4186 1394 4236 que
1418 4179 1556 4224 tunc
1581 4169 1860 4236 temporis

207 4245 450 4312 quando
488 4246 734 4298 detente
787 4247 1020 4299 luerunt
1060 4245 1421 4300 vendebatur
1457 4257 1516 4300 et
1551 4247 1724 4300 vendi
1760 4263 1860 4314 po-

209 4331 350 4377 terat
387 4337 506 4388 pro
543 4320 812 4388 quolibet
846 4322 1097 4374 sextario
1135 4323 1190 4375 V
1224 4322 1422 4376 soldos
1460 4333 1518 4377 et
1553 4323 1857 4376 dimidium

207 4400 260 4451 in
295 4399 542 4452 civitate
575 4399 888 4462 Cremone,
915 4407 974 4451 et
998 4415 1132 4452 cum
1157 4409 1442 4454 venerunt
1476 4417 1510 4453 a
1547 4401 1720 4466 Papia
1740 4417 1857 4454 non

209 4476 394 4541 potuit
433 4474 620 4527 vendi
656 4491 765 4527 nec
801 4474 1162 4529 vendebatur
1197 4476 1304 4530 nisi
1346 4477 1430 4530 111
1467 4477 1666 4532 soldos
1689 4485 1751 4531 et
1775 4477 1861 4530 di-

209 4553 493 4613 midIum;
537 4551 698 4604 unde
734 4567 906 4604 suum
945 4551 1264 4618 dampnum
1301 4560 1389 4606 est
1426 4553 1535 4606 XV
1570 4554 1718 4606 sold.
1757 4554 1860 4606 im-

207 4629 404 4695 perial.
445 4628 530 4680 de
566 4627 836 4694 quolibet
865 4627 1082 4683 modio,
1143 4630 1292 4682 Item
1334 4638 1457 4682 erat
1493 4631 1548 4682 in
1587 4630 1858 4698 predictis

207 4707 456 4760 navibus
483 4705 604 4758 XII
633 4703 834 4758 modia
857 4705 988 4759 sabe
1013 4721 1130 4772 que
1154 4707 1514 4762 vendebatur
1537 4717 1596 4762 et
1629 4708 1860 4763 valebat

203 4801 304 4850 pro
341 4782 624 4852 quolibet
660 4782 914 4835 sextario
951 4783 1005 4836 V
1041 4783 1240 4836 soldos
1276 4793 1333 4837 et
1357 4783 1663 4838 dimidium
1699 4785 1756 4838 in
1782 4786 1858 4838 ci·

203 4861 376 4916 vitate
399 4861 706 4913 Cremone
735 4867 796 4912 et
817 4868 1044 4914 tantum
1067 4860 1300 4915 vendita
1323 4861 1524 4915 fuisset
1555 4873 1692 4916 tunc
1716 4871 1858 4916 tem-

203 4939 354 5004 poris
391 4938 446 4991 si
487 4937 748 4990 venisset
801 4938 1172 4999 Cremonam,
1209 4947 1268 4992 et
1302 4937 1539 5005 quando
1575 4951 1857 4995 venerunt

201 5031 311 5068 non
347 5013 734 5068 vendebatur
769 5013 879 5068 nisi
918 5015 1022 5067 XL
1055 5013 1327 5068 denarios
1361 5017 1647 5079 sextario;
1697 5017 1854 5070 unde

200 5108 370 5146 suum
407 5092 746 5157 dampnum
785 5091 858 5144 de
897 5089 1158 5157 quolibet
1194 5092 1392 5145 modio
1429 5094 1540 5146 XX
1568 5093 1716 5146 sold.
1753 5094 1857 5147 im·

201 5169 397 5234 perial.
445 5169 603 5221 Item
641 5175 766 5220 erat
802 5166 861 5220 in
915 5167 1186 5234 predictis
1223 5169 1466 5222 navibus
1503 5169 1621 5224 duo
1660 5171 1855 5224 modia

199 5247 382 5312 spelte
422 5260 548 5312 que
585 5244 763 5297 vendi
799 5243 1084 5310 potuisset
1120 5246 1205 5298 111
1243 5245 1391 5299 sold.
1431 5246 1710 5313 imperial.
1749 5265 1854 5314 pro

200 5323 470 5390 quolibet
523 5321 782 5375 sextario
817 5321 864 5374 si
899 5321 1212 5385 venissent,
1251 5331 1308 5376 et
1343 5331 1568 5377 tantum
1605 5325 1850 5389 valebat,

198 5409 250 5452 et
284 5407 502 5468 postea
539 5397 786 5466 quando
819 5407 1107 5453 venerunt
1129 5415 1246 5452 non
1271 5399 1501 5454 valebat
1523 5401 1632 5454 nisi
1661 5403 1713 5454 11
1741 5404 1853 5455 sol-

199 5478 302 5530 dos
339 5493 458 5531 nec
488 5475 622 5542 plus
649 5474 822 5528 vendi
850 5484 1106 5542 poterat;
1147 5477 1304 5529 unde
1331 5495 1500 5530 suum
1527 5479 1848 5546 dampnum

364 5610 416 5650 14
478 5597 600 5640 35⁶1.
629 5595 759 5639 Scor.
788 5597 852 5640 vl
883 5597 964 5644 (1—1.
998 5597 1046 5638 Ρ.
1081 5597 1143 5637 M.
1179 5599 1236 5638 11.
1269 5599 1366 5642 11.).

3483 309 3601 368 105

1974 558 2063 604 est
2096 550 2173 604 de
2206 552 2469 619 quolibet
2503 554 2702 607 modio
2741 557 2792 608 X
2817 556 2966 610 sold.
2990 557 3269 624 imperial.
3311 559 3459 612 Item
3482 567 3607 613 erat

1973 628 2032 680 in
2067 629 2339 694 predictis
2386 631 2631 684 navibus
2684 632 2796 684 VII
2850 633 3047 687 modia
3101 643 3501 690 castanearum
3545 645 3606 689 et

1973 713 2110 758 tunc
2144 707 2505 760 vendebatur
2560 709 2809 762 sextario
2857 711 3147 764 Cremonae
3181 713 3357 766 VIIII
3402 712 3602 767 soldos

1973 783 2249 848 imperial.
2288 792 2347 836 et
2382 784 2429 836 si
2465 783 2618 838 dicte
2654 802 2830 838 naves
2854 786 3147 842 venissent
3171 805 3287 856 que
3324 805 3440 843 non
3468 790 3603 844 suis-

1971 868 2101 912 sent
2135 860 2461 914 intromisse
2514 870 2737 916 tantum
2792 864 3005 917 habere
3052 865 3397 932 potuissent,
3436 875 3495 920 et
3528 882 3601 919 eo

1971 946 2233 1003 tempore
2269 953 2388 1004 quo
2422 948 2707 993 venerunt
2742 956 2916 993 naves
2948 958 3066 994 non
3088 943 3317 996 valebat
3352 943 3601 996 sextario

1972 1013 2078 1067 nisi
2118 1015 2233 1066 IIII
2272 1015 2471 1068 soldos
2523 1025 2583 1069 et
2633 1016 2969 1081 dimidium;
3027 1019 3183 1074 unde
3227 1035 3397 1074 suum
3432 1019 3605 1074 dam-

1971 1108 2149 1156 pnum
2188 1100 2277 1144 est
2312 1093 2416 1145 XL
2468 1093 2617 1146 sold.
2674 1093 2955 1159 imperial.
2995 1095 3071 1148 de
3106 1095 3369 1164 quolibet
3404 1097 3603 1150 modio

1969 1176 2029 1222 et
2062 1168 2211 1234 plus.
2252 1171 2399 1222 Item
2433 1169 2593 1237 quod
2629 1171 2739 1237 ipsi
2772 1171 3061 1226 dederunt
3086 1173 3149 1226 in·
3178 1173 3442 1240 quolibet
3474 1189 3602 1227 sex-

1969 1245 2115 1298 tario
2166 1245 2437 1299 frumenti
2490 1246 2567 1300 ibi
2624 1247 2724 1301 ubi
2776 1248 2972 1314 ipsum
3013 1259 3279 1303 emerunt
3314 1252 3371 1305 X
3402 1250 3601 1304 soldos

1967 1323 2273 1388 papienses
2309 1331 2368 1377 et
2400 1323 2625 1397 plus-in
2660 1324 2923 1392 quolibet
2946 1327 3217 1390 sextariO,
3238 1335 3299 1380 et
3322 1327 3377 1380 in
3416 1327 3602 1395 quoli-

1969 1401 2067 1453 bet
2090 1400 2337 1453 sextario
2360 1400 2600 1466 siliginis
2621 1402 2765 1455 VIII
2788 1403 2931 1458 sold.
2954 1403 3260 1469 papienses
3283 1412 3343 1458 et
3364 1403 3513 1472 pluS‚
3539 1412 3600 1458 et

1969 1476 2024 1528 in
2052 1476 2312 1543 quolibet
2333 1477 2586 1531 sextario<
2600 1476 2908 1544 leguminis
2928 1481 3071 1534 VIII
3092 1481 3241 1534 sold.
3268 1481 3594 1548 papienses.

2040 1553 2213 1608 Unde
2238 1553 2373 1607 visis
2394 1554 2837 1620 allegationibus
2862 1564 2921 1610 et
2944 1556 3417 1624 responsionibus
3439 1565 3499 1610 et
3520 1567 3601 1612 te-

1966 1631 2151 1684 stibus
2173 1640 2234 1684 et
2258 1631 2656 1686 instrumentis
2671 1649 2707 1684 a
2734 1633 2994 1699 predicto
3018 1633 3333 1688 Vuilieltno
3351 1643 3411 1688 et
3426 1634 3597 1688 sociis

1965 1708 2261 1773 productis
2294 1716 2353 1762 et
2386 1707 2653 1771 ostensiS,
2681 1709 2759 1763 ita
2791 1711 3104 1776 pronuntio
3128 1711 3188 1764 in
3212 1710 3456 1777 scriptiS,
3496 1712 3595 1765 ha-

1965 1784 2087 1838 bito
2132 1785 2458 1851 sapientum
2494 1785 2795 1838 conscilio:
2850 1787 3011 1854 quod
3045 1786 3217 1841 detur
3262 1788 3595 1842 Wuilielmo

1967 1863 2153 1914 Cervo
2164 1872 2221 1915 et
2238 1861 2657 1925 sociis„scilicet
2674 1863 2897 1917 Uberto
2906 1863 2981 1916 de
3003 1865 3294 1918 Bosascho
3307 1873 3367 1918 et
3387 1865 3600 1931 Egidio-

1971 1938 2287 1992 Belamario
2324 1949 2383 1992 et
2417 1939 2619 1992 Ottoni
2657 1941 2855 2006 Zoppo
2882 1948 2941 1993 et
2965 1941 3211 1994 Iohanni
3249 1942 3516 1996 Boaterio
3540 1951 3598 1996 et

1967 2015 2285 2070 Albertano
2322 2017 2508 2071 Oculo
2561 2017 2636 2070 de
2692 2018 2935 2080 Becch0,
2984 2033 3089 2085 pro
3124 2035 3187 2071 se
3222 2027 3281 2072 et
3317 2019 3443 2071 aliis
3478 2019 3597 2072 suis

1966 2091 2155 2153 sociiS,
2194 2094 2246 2144 V
2282 2093 2424 2147 libre
2462 2103 2522 2148 et
2559 2095 2612 2148 II
2651 2093 2801 2148 soldi
2835 2094 3159 2160 papiense5‚
3198 2095 3391 2150 minus
3419 2097 3470 2149 11
3500 2111 3597 2162 pa-

1966 2168 2215 2235 pienses,
2254 2187 2359 2236 pro
2395 2171 2665 2238 expensis
2706 2171 2867 2225 sactis
2902 2171 2961 2226 in
2997 2170 3228 2225 duobus
3265 2172 3596 2226 hominibus

1927 2301 1932 2310 ,
1967 2245 2041 2298 de
2078 2247 2279 2300 XXIII
2316 2247 2524 2301 diebus
2555 2247 2794 2316 quando
2818 2255 3099 2301 steterunt
3129 2249 3322 2315 Papie,
3361 2265 3467 2315 pro
3499 2267 3598 2304 na-

1967 2323 2135 2376 vibus
2168 2324 2349 2378 tribus
2402 2325 2802 2392 suprascriptis
2853 2341 2968 2391 que
3004 2325 3236 2379 fuerunt
3270 2326 3505 2380 detente
3538 2336 3598 2381 et

1964 2399 2311 2464 intromisse,
2348 2412 2407 2455 et
2442 2419 2547 2468 pro
2599 2403 2867 2468 expensis
2920 2401 3082 2456 factis
3118 2411 3369 2470 quatuor
3404 2404 3598 2456 homi-

1966 2475 2135 2531 nibus
2171 2476 2245 2530 de
2282 2479 2393 2532 XII
2450 2479 2658 2532 diebus
2694 2479 2905 2546 quibus
2941 2487 3225 2533 steterunt
3282 2480 3455 2546 Papie
3490 2497 3596 2547 pro

1963 2553 2117 2608 dicta
2151 2556 2481 2618 occasione;
2532 2556 2606 2610 ab
2659 2556 2783 2610 aliis
2824 2556 3197 2623 petitionibus
3234 2565 3293 2610 et
3326 2557 3595 2624 dampnis

1925 2658 1932 2667 ·
1964 2631 2125 2699 quod
2159 2632 2429 2685 dicebant
2464 2650 2526 2686 se
2552 2633 2822 2686 habuisse
2846 2634 3158 2698 pronuntio
3194 2631 3413 2687 dictum
3437 2650 3594 2686 com-

1963 2724 2139 2762 mune
2176 2725 2293 2762 non
2328 2709 2509 2762 teneri
2539 2725 2647 2762 nec
2670 2709 2883 2763 debere
2908 2709 3209 2763 restituere
3243 2709 3463 2778 aliquid
3488 2711 3591 2764 eis.

2035 2787 2119 2839 Ibi
2156 2785 2387 2841 suerunt
2422 2787 2697 2840 Albertus
2730 2795 2789 2840 et
2813 2788 3227 2840 omnebonum
3265 2787 3339 2840 de
3378 2787 3591 2842 Brodo-

1923 2852 1932 2893 ἶ
1961 2864 2096 2916 lano
2132 2872 2191 2917 et
2225 2865 2497 2918 dominus
2533 2863 2896 2917 Guiderisius
2932 2863 3355 2917 Gualdomanis
3390 2873 3451 2917 et
3478 2865 3593 2918 Ga-

1925 2951 1930 3003 ξ
1961 2939 2107 2993 briel
2143 2941 2385 2994 BorInus
2421 2949 2479 2995 et
2514 2943 2733 2994 Grasus
2780 2939 3050 2994 Corarius
3086 2948 3143 2994 et
3182 2943 3483 2994 Rumanns
3517 2941 3593 2995 de

1923 3034 1928 3043 ·
1964 3017 2313 3084 FrognerIiS,
2350 3019 2533 3084 rogati
2569 3025 2763 3072 testes.

2032 3097 2072 3160 ἦ·
2110 3095 2235 3160 Ego
2274 3096 2623 3148 Lanfrancus
2656 3094 2733 3148 de
2771 3095 3047 3148 Botaiano
3092 3091 3314 3148 domini
3351 3095 3591 3148 Henrici

1923 3148 1930 3201 ²
1962 3171 2323 3238 imperatoris
2372 3171 2629 3226 notarius
2684 3171 2932 3236 interfui,
2972 3179 3031 3224 et
3066 3171 3213 3224 hanc
3248 3181 3464 3225 cartam
3502 3188 3591 3225 ro-

1961 3256 2131 3314 gatus
2164 3249 2383 3316 scripsi.

1960 3456 2018 3515 3.
2066 3475 2144 3486 —
2202 3458 2379 3516 1224,
2424 3437 2597 3500 mad.
2648 3457 2746 3514 31,
2816 3436 2983 3510 XII,
3031 3435 3107 3499 in
3169 3435 3323 3522 ripa
3387 3437 3585 3514 Padi,

2058 3523 2441 3588 Cremonae.

2046 3661 2431 3724 Ubertinus
2476 3660 2819 3722 correrius
2865 3670 2935 3723 et
2968 3661 3266 3723 nuncius
3295 3661 3589 3724 Torselli

1959 3754 2209 3818 iudicis
2254 3762 2610 3816 mensurat
2655 3754 2931 3816 blavam
2976 3751 3331 3817 Guilielmi
3377 3753 3585 3817 Cervi
3674 3797 3677 3800 -

1960 3860 2029 3911 et
2074 3848 2325 3910 Bonini
2372 3849 2459 3911 de
2503 3847 2685 3909 Aste
2730 3857 2800 3910 et
2830 3847 3177 3911 sociorum
3211 3868 3390 3930 quae
3435 3859 3586 3912 erat

1959 3963 2029 4006 m
2074 3961 2259 4005 naw.

1955 4158 2012 4216 4.
2061 4175 2136 4184 —
2196 4159 2374 4217 1224,
2422 4137 2563 4200 iun.
2614 4157 2712 4217 25,
2762 4137 2929 4210 XII,
2976 4136 3051 4199 in
3092 4135 3273 4200 scala
3313 4134 3582 4221 palatii,

2052 4231 2435 4296 Cremonae.

2040 4368 2353 4431 Boninus
2386 4369 2473 4430 de
2504 4368 2917 4432 Momolerio
2951 4370 3037 4430 de
3069 4367 3269 4439 Aste,
3302 4366 3583 4429 nomine

1958 4482 2087 4525 suo
2132 4472 2203 4525 et
2246 4462 2616 4536 sociorum,
2660 4463 2836 4544 petit
2880 4483 2925 4524 a
2963 4470 3309 4544 potestate
3355 4471 3425 4522 et
3477 4481 3581 4522 as-

1958 4556 2347 4619 sessoribus
2414 4557 2563 4618 eius
2636 4565 2715 4618 ut
2779 4554 3230 4618 restituantur
3302 4554 3438 4617 sibi
3512 4563 3581 4616 et

1958 4649 2167 4712 sociis
2196 4649 2341 4712 suis
2373 4670 2614 4712 omnes
2644 4668 2992 4732 expensas
3017 4659 3085 4710 et
3115 4649 3369 4710 damna
3400 4667 3581 4729 quae

1954 4744 2348 4806 habuerunt
2385 4745 2753 4807 occasione
2796 4743 3081 4806 navium
3128 4761 3302 4823 quas
3362 4741 3579 4804 duxe-

1955 4847 2116 4900 runt
2158 4837 2591 4912 Cremonam,
2652 4847 2725 4900 ut
2791 4835 3019 4920 facere
3075 4846 3400 4897 tenentur
3454 4855 3582 4916 per

1956 4931 2311 5012 quoddam
2356 4932 2715 5013 publicum
2761 4930 3317 4991 instrumentum.

1954 5153 2012 5216 5.
2059 5173 2140 5182 -
2186 5131 2363 5215 1'224,
2410 5135 2529 5198 inl.
2572 5159 2621 5210 1,
2656 5136 2823 5210 XII,
2866 5136 3249 5210 Cremonae,
3283 5134 3357 5200 in
3387 5134 3581 5203 curia

2029 5228 2285 5315 palatii
2310 5230 2687 5314 potestatis.

2039 5369 2303 5432 Eadem
2338 5369 2720 5450 postulatio
2744 5367 2927 5432 facta
2970 5389 3013 5432 a
3052 5367 3414 5452 praedicto
3446 5367 3581 5432 Bo-

1951 5483 2138 5525 n1n0.
3344 5497 3347 5501 f
