4050 6109
2176 426 2183 529 l

1516 269 1783 320 CODICE
1807 269 2345 319 -DIPLOMATICO
2389 265 2846 320 CREMONESE

496 523 690 574 banno
745 523 1194 589 quingentarum
1248 520 1522 572 librarum
1578 519 1981 586 imperialium,
2044 520 2128 573 sic
2176 544 2182 580 1
2230 521 2437 584 0011515,
2464 521 2539 572 ad
2566 520 3081 586 representandum
3108 538 3169 574 se
3196 537 3391 574 coram
3418 529 3699 586 potestate
3722 525 3838 580 Cre-

499 600 794 666 respondit
829 600 952 665 ipse
989 599 1329 652 Anselmus:
1369 597 1549 664 quod,
1589 599 1854 664 quamvis
1891 615 2008 650 non
2046 615 2127 650 re-

499 686 724 742 putaret
759 693 893 729 eum
943 677 1238 738 nuncium,
1279 676 1416 741 quia
1471 685 1532 727 ut
1581 675 1704 740 ipse
1740 674 2128 740 interrogatus

498 755 571 806 ab
614 755 824 806 eodem
862 754 1144 806 Anselmo
1203 769 1318 805 non
1380 752 1632 804 habebat
1681 753 2127 805 instrumentum

492 830 730 896 aliquod
767 847 940 896 super
989 847 1060 883 eo
1114 829 1276 896 quod
1330 838 1483 882 esset
1519 830 1764 882 nuncius
1801 829 2124 895 potestatis,

499 917 560 961 ut
596 908 844 966 dicebat,
887 924 993 960 1100
1029 907 1246 960 sciebat
1301 923 1533 959 causam
1581 923 1761 972 quare
1804 914 2124 967 vocaretur,

497 993 690 1036 tamen
728 984 1116 1049 respondebat
1143 984 1214 1047 ei,
1244 983 1404 1050 quod
1427 1000 1544 1035 non
1581 991 1786 1048 reputo
1825 1000 1918 1035 me
1941 981 2126 1034 civem

496 1078 935 1114 cremonensem
975 1077 1080 1114 nec
1117 1060 1267 1113 dicte
1304 1061 1604 1126 potestatis
1631 1060 1928 1112 subditum
1963 1067 2022 1112 et
2047 1058 2128 1111 510

498 1155 613 1190 11011
650 1147 853 1190 1011001
889 1154 1083 1190 00111111
1121 1153 1192 1189 eo
1229 1154 1582 1202 comparere,
1623 1137 1962 1188 nominatim
1997 1151 2129 1200 pro-

493 1225 619 1280 pter
677 1215 935 1268 raciones
994 1231 1140 1281 quas
1192 1214 1244 1266 ei
1311 1214 1470 1266 missi
1532 1231 1634 1279 per
1693 1221 2127 1278 procuratorem

498 1309 694 1345 meum
733 1293 944 1358 quibus
981 1293 1240 1354 inhereO,
1281 1301 1338 1344 et
1373 1300 1568 1344 tamen
1605 1291 1649 1344 si
1687 1291 1962 1343 securiter
1997 1307 2128 1355 pos-

497 1387 621 1421 sem
659 1369 740 1421 ire
777 1370 848 1421 ad
889 1369 1078 1434 ipsum
1116 1369 1278 1429 irem,
1327 1385 1443 1420 non
1481 1385 1550 1420 ex
1589 1367 1786 1421 debito
1822 1367 2129 1419 subiectio-

494 1447 601 1508 nis,
640 1447 743 1498 sed
783 1447 984 1511 pocius
1022 1453 1081 1497 ut
1107 1445 1346 1498 civiliter
1369 1462 1604 1510 agerem
1643 1461 1775 1497 cum
1813 1461 1905 1506 00,
1945 1453 2002 1496 01
2027 1460 2126 1495 au-

495 1524 680 1576 direm
718 1522 876 1589 quod
913 1522 1104 1574 dicere
1135 1521 1307 1574 vellet
1343 1531 1400 1574 et
1435 1521 1679 1574 facerem
1719 1521 1878 1588 quod
1903 1521 1977 1573 de
2005 1521 2127 1572 iure

498 1599 793 1652 deberem.

562 1705 604 1767 -l-
645 1705 770 1766 Ego
820 1702 1114 1755 Gerardus
1169 1701 1522 1767 Pelliparius,
1563 1702 1837 1764 notarius,
1877 1701 2008 1754 huic
2048 1700 2127 1753 in-

495 1780 663 1832 terfui
701 1789 758 1832 et
795 1788 1028 1845 rogatus
1065 1779 1285 1845 scripsi.

497 1958 581 2016 18.
630 1991 707 1997 -—
767 1973 924 2030 1230
969 1955 1156 2032 (1229
1203 1950 1372 2031 ima),
1423 1955 1621 2014 mart.
1679 1973 1726 2024 1,
1774 1951 1920 2024 III,
1965 1948 2125 2012 Pla-

583 2045 856 2120 centiae,
904 2044 978 2107 z'n
1023 2043 1431 2108 mormslerz'o
1477 2047 1546 2108 S.
1593 2043 1800 2107 sb'xli.

580 2183 671 2245 A.
749 2181 1146 2244 Salvaticus
1229 2181 1590 2243 constituit
1679 2179 2126 2242 Guilielmum

502 2276 1053 2339 Brachiofortem
1101 2295 1302 2336 suum
1361 2275 1691 2336 nuncium
1745 2277 1834 2336 ad
1894 2295 1968 2335 se
2028 2293 2129 2334 re-

494 2371 1078 2451 praesentandum
1102 2389 1336 2431 coram
1358 2379 1704 2450 potestate
1728 2368 2129 2431 Cremonae.

501 2579 584 2636 19.
631 2597 712 2605 —
768 2581 836 2620 12
848 2579 926 2636 30
971 2563 1159 2640 (1229
1207 2556 1374 2639 ina),
1423 2561 1620 2619 mart.
1673 2577 1736 2628 2,
1791 2555 1920 2630 III,
1975 2556 2128 2618 Cre-

587 2674 822 2716 monae
867 2652 938 2714 in
974 2651 1255 2736 palalt'O.

584 2791 905 2852 Potestas
951 2786 1201 2868 recipit
1245 2808 1286 2849 a
1330 2785 1412 2849 G.
1459 2784 1940 2848 Brachioforte
1987 2785 2127 2865 epi-

506 2884 750 2944 stolam
816 2903 956 2963 qua
1021 2881 1394 2962 episcopus
1461 2878 1812 2940 laudensis
1884 2877 2127 2939 statuit

499 2976 826 3056 potestati
871 2975 1241 3037 terminum
1301 2985 1376 3036 ut
1430 2992 1660 3034 eoram
1722 2993 1796 3034 se
1850 2992 2124 3052 compa-

497 3080 647 3132 reat
691 3081 978 3150 propter
1022 3069 1349 3149 placitum
1410 3087 1565 3130 011111
1611 3067 1704 3128 Α.
1751 3065 2121 3138 5111111111οο,

499 3162 1058 3225 excommunicat
1095 3182 1336 3224 omnes
1369 3161 1487 3242 qui
1521 3160 1829 3222 detinent
1861 3159 2124 3239 aliquid

499 3258 688 3337 quod
733 3255 1083 3318 Salvatieo
1128 3256 1449 3336 pertinet,
1483 3264 1550 3315 et
1586 3253 1853 3314 inhibet
1897 3273 1985 3313 ne
2032 3253 2121 3313 ei-

498 3352 654 3412 dem
723 3352 1048 3411 damnum
1115 3349 1448 3410 inferatur
1518 3348 1725 3409 huius
1801 3347 2121 3427 querelae

497 3464 724 3506 causa.

493 3651 589 3694 20.
637 3669 718 3676 ——
773 3651 931 3708 1230
978 3634 1163 3711 (1229
1209 3628 1379 3710 ina),
1427 3628 1513 3692 id.
1561 3628 1648 3691 id.

576 3769 657 3830 G.
705 3766 1185 3829 Brachioforte
1238 3766 1538 3847 porrigit
1575 3765 1904 3846 potestati
1961 3766 2117 3846 epi-

499 3863 750 3924 stolam
797 3882 935 3941 qua
980 3861 1071 3921 A.
1119 3861 1511 3921 Salvaticus
1557 3861 1862 3921 rationes
1915 3860 2117 3940 espli-

497 3966 606 4018 cat
650 3967 937 4035 propter
982 3975 1154 4035 quas
1200 3953 1660 4034 personaliter
1707 3955 1818 4014 die
1855 3962 2119 4016 statuta

491 4070 628 4111 non
691 4049 1080 4129 comparuit
1145 4059 1214 4111 01
1273 4048 1448 4129 petit
1501 4048 1833 4119 arbitrOS,
1897 4048 1954 4108 si
2012 4059 2118 4109 est

493 4143 917 4222 reputandus
978 4141 1153 4203 civis
1223 4141 1712 4212 cremonensis,
1771 4151 1840 4201 et
1907 4161 2118 4222 super

491 4234 968 4296 iurisdictione
1015 4234 1580 4297 Cremonensium
1627 4233 1696 4293 in
1759 4253 1852 4303 se,
1908 4253 2114 4314 quam

493 4338 803 4402 recusat;
853 4329 1155 4409 denique
1193 4327 1500 4408 appellat
1547 4328 1634 4387 ad
1688 4328 1922 4387 sedem
1954 4347 2115 4408 apo-

494 4423 806 4483 stolicam
844 4433 912 4483 et
945 4422 1550 4500 metropolitanam
1589 4432 1655 4481 et
1701 4420 1967 4482 inhibet
1996 4441 2116 4501 po-

488 4515 720 4577 testati
763 4536 850 4576 ne
889 4525 1130 4576 contra
1161 4536 1235 4576 se
1265 4515 1597 4595 procedat
1646 4515 1757 4575 vel
1787 4515 2115 4576 nuncium

491 4629 691 4670 suum
722 4609 970 4670 laedat.
1002 4610 1318 4670 Potestas
1351 4606 1690 4688 praecipit
1724 4616 1798 4669 ut
1823 4609 2117 4670 nuncius

491 4704 558 4762 in
608 4723 955 4764 carcerem
1003 4703 1332 4764 mittatur.

561 4921 595 4980 7*-
633 4919 807 4969 Anno
850 4917 1138 4970 dominice
1191 4917 1598 4970 incarnationis
1656 4917 1960 4969 millesimo
2013 4917 2117 4968 du-

2177 768 2181 829 l

2176 874 2181 939 l

2231 615 2399 650 1110110
2436 608 2492 649 01
2528 599 2601 650 1111
2657 598 3069 664 porrigendum
3106 599 3405 665 quoddam
3442 599 3711 664 scriptum
3746 619 3834 666 pro

2228 683 2290 727 ut
2326 674 2650 728 continetur
2684 684 2839 728 carta
2874 692 2977 740 per
3002 692 3095 728 me
3130 676 3455 728 Gerardum
3494 675 3836 740 pelliparium

2228 751 2535 809 notarium,
2594 752 3007 816 representavit
3056 769 3119 804 se
3154 768 3348 804 coram
3385 752 3540 804 dicta
3574 761 3836 817 potestate

2228 843 2332 892 pro
2369 829 2495 893 ipso
2530 829 2833 920 Apselmo,
2872 837 2930 880 et
2954 829 3208 894 porrexit
3244 829 3543 896 quoddam
3580 830 3835 896 scriptum

2226 904 2388 969 quod
2424 905 2546 969 ipse
2583 913 2841 970 potestas
2894 905 3141 971 recepit;
3199 914 3258 958 et
3310 906 3449 972 quia
3498 905 3684 958 dictus
3716 909 3841 960 Gui-

2177 990 2181 1029 1
2228 979 2454 1034 1101111115
2490 989 2841 1047 protestatus
2877 981 2983 1035 suit
3008 999 3071 1034 se
3096 982 3373 1035 nuncium
3398 998 3529 1034 esse
3564 991 3623 1034 et
3656 999 3839 1047 procu-

2228 1066 2477 1110 ratorem
2514 1058 2649 1111 dicti
2687 1058 2970 1120 Anselmi‚
3010 1058 3197 1124 ipsum
3234 1059 3611 1112 Guilielmum
3647 1059 3702 1111 in
3736 1077 3843 1113 car-

2227 1149 2416 1186 cerem
2462 1135 2690 1187 mittere
2738 1135 3014 1200 precepit.
3062 1137 3256 1188 Tenor
3308 1136 3445 1189 dicti
3490 1136 3683 1201 scripti
3726 1139 3842 1190 talis

2228 1219 2343 1264 est:

2298 1308 2492 1361 Nobili
2528 1310 2650 1362 viro
2676 1309 2916 1364 domino
2944 1311 3186 1376 Hugoni
3214 1313 3379 1377 Lupo
3417 1311 3729 1364 marchioni
3754 1329 3844 1377 po-

2226 1386 2416 1439 testati
2438 1388 2820 1446 cremonensi.
2848 1388 3163 1441 Anselmus
3194 1387 3530 1448 Salvaticus,
3557 1389 3840 1455 quondam

2227 1463 2365 1514 civis
2400 1464 2689 1516 Cremone
2726 1481 2879 1516 nunc
2903 1465 3198 1526 trecensis,
3226 1464 3470 1517 salutem
3496 1465 3553 1516 in
3582 1467 3845 1518 Domino.

2230 1543 2423 1604 Quum
2457 1541 2552 1592 die
2589 1542 2853 1593 mercurii
2908 1543 3171 1606 proxime
3212 1543 3483 1606 preterita
3520 1543 3672 1607 apud
3714 1544 3847 1596 Iau—

2227 1617 2361 1668 dam
2398 1617 2635 1683 quidam
2676 1619 2827 1671 Gua.
2856 1619 3112 1682 nomine,
3150 1635 3415 1670 asserens
3450 1635 3513 1670 se
3551 1618 3759 1671 habere
3793 1621 3845 1672 in

2229 1693 2515 1746 mandatis
2552 1711 2585 1746 a
2621 1695 2786 1748 vobis
2824 1697 2953 1758 hoe,
2993 1711 3099 1761 pro
3136 1705 3199 1749 ut
3223 1695 3491 1748 videlicet
3526 1696 3697 1747 michi
3734 1713 3849 1762 pre—

2226 1771 2417 1835 cipere
2452 1781 2789 1836 preceptum
2846 1789 2917 1823 ex
2972 1780 3135 1837 parte
3182 1779 3373 1824 vestra
3420 1773 3579 1838 quod
3620 1773 3726 1824 hac
3761 1773 3847 1824 die

2228 1848 2451 1899 sabbati
2483 1863 2678 1900 coram
2704 1849 2869 1900 vobis
2893 1864 3311 1914 compare-rem,
3340 1849 3447 1901 sub
3474 1849 3671 1900 banno
3697 1850 3852 1915 quin-

2226 1933 2529 1988 gentarum
2566 1925 2862 1986 librarum,
2920 1926 3074 1978 idem
3117 1925 3240 1977 aliis
3276 1926 3715 1979 necessitatibus
3750 1927 3851 1978 1111-

2229 2001 2456 2065 peditus
2492 2003 2871 2067 personaliter
2916 2002 3193 2054 accedere
3240 2019 3355 2054 non
3392 2002 3609 2064 valenS,
3649 2003 3851 2055 timens

2228 2078 2399 2131 etiam
2438 2079 2547 2130 hoc
2592 2088 2855 2144 tempore
2910 2079 3105 2132 venire
3164 2093 3279 2131 11011
3334 2088 3569 2144 propter
3624 2096 3850 2132 causam

2228 2155 2437 2209 iustam
2474 2172 2651 2222 quam
2674 2156 3084 2216 commiserim,
3108 2156 3211 2208 sed
3250 2171 3541 2208 rumorem
3578 2156 3779 2222 pocius
3802 2165 3855 2208 et

2229 2235 2541 2286 tumultum
2578 2232 2779 2297 populi
2804 2248 3053 2297 quorum
3077 2247 3247 2284 voces
3276 2232 3679 2297 lapidaverunt
3702 2233 3854 2284 Chri-

2230 2318 2381 2362 stum
2420 2319 2477 2362 et
2502 2309 2753 2373 cruciligi
2782 2310 3059 2368 fecerunt,
3092 2308 3229 2361 illud
3260 2309 3533 2374 precipue
3557 2309 3856 2361 attendens

2230 2387 2389 2451 quod
2425 2387 2641 2438 nullam
2678 2401 2911 2438 causam
2949 2385 3229 2450 expressit
3266 2385 3543 2452 quoniam
3576 2386 3853 2437 vocaretis

2232 2479 2325 2514 me
2362 2481 2469 2515 nec
2505 2463 2650 2514 dixit
2688 2471 2749 2515 ut
2784 2462 3161 2528 personaliter
3195 2462 3533 2514 accederem
3570 2479 3673 2515 seu
3712 2479 3859 2513 com-

2230 2557 2513 2604 parerem,
2552 2555 2685 2591 cum
2740 2539 2955 2592 licitum
3012 2539 3083 2592 sit
3136 2540 3349 2604 cuique
3400 2539 3475 2591 ad
3531 2540 3620 2591 ius
3658 2547 3857 2591 vocato

2228 2617 2571 2680 generaliter
2606 2617 2679 2668 de
2718 2616 2839 2669 iure
2876 2616 3064 2669 saltim
3104 2633 3206 2681 per
3242 2623 3678 2681 procuratorem
3710 2631 3861 2666 com-

2230 2710 2448 2758 parere,
2488 2693 2761 2745 dilectum
2788 2702 3047 2745 nostrum
3080 2693 3579 2758 consanguineum
3618 2692 3861 2743 (31111101-

2228 2787 2386 2822 11111111
2428 2770 2783 2822 Blachosorte
2818 2770 3001 2822 civem
3040 2769 3427 2836 placentinum
3448 2769 3693 2821 latorem
3732 2785 3861 2834 pre-

2225 2847 2473 2899 sentium
2494 2863 2690 2898 meum
2710 2847 2998 2899 constituo
3024 2847 3297 2898 nuncium
3319 2855 3375 2898 et
3398 2855 3853 2911 procuratorem,

2228 2925 2306 2976 uti
2344 2923 2417 2976 ad
2454 2925 2666 2976 dictam
2716 2924 2871 2975 diem
2927 2939 3119 2974 coram
3156 2923 3322 2974 vobis
3358 2939 3461 2988 per
3498 2939 3591 2974 me
3626 2939 3859 2987 compa-

2225 3017 2355 3052 rens
2392 3002 2557 3052 vobis
2594 3007 2884 3065 presentet
2921 3009 2977 3052 et
3013 2999 3263 3065 porrigat
3298 3000 3410 3052 hoc
3436 3000 3716 3064 scriptum
3744 3016 3859 3064 quo

2224 3077 2546 3129 continetur
2583 3078 2881 3142 responsio
2920 3093 3049 3128 mea
3102 3093 3276 3141 super
3310 3092 3381 3127 eo
3419 3076 3579 3142 quod
3616 3077 3695 3128 G.
3736 3091 3859 3140 pre-

2223 3155 2371 3205 facto
2407 3153 2585 3205 modo
2620 3153 2874 3218 precepit
2912 3153 3083 3205 michi
3122 3161 3185 3205 ut
3218 3167 3637 3217 comparerent.
3671 3154 3859 3217 Super

2222 3247 2341 3297 quo
2379 3231 2553 3282 miror
2590 3229 2890 3296 quomodo
2916 3229 3183 3281 nobilitas
3208 3229 3503 3294 sanguinis
3536 3228 3715 3282 vestri
3741 3230 3858 3281 sive

2220 3307 2413 3372 orrigo
2448 3308 2635 3371 potuit
2672 3307 2837 3359 vobis
2872 3307 3117 3358 suadere
3142 3315 3199 3358 et
3224 3307 3517 3358 vinculum
3556 3306 3855 3370 regiminis

2222 3401 2341 3450 quo
2377 3383 2652 3437 tenemini
2689 3399 2791 3449 per
2841 3383 3227 3436 iuramentum
3264 3383 3563 3435 subdictos
3598 3399 3737 3435 cum
3774 3383 3859 3434 sa-

2220 3477 2358 3512 vore
2397 3462 2451 3512 in
2487 3476 2591 3512 sua
2644 3459 2855 3513 iustitia
2908 3461 3095 3525 potuit
3146 3459 3489 3522 substinere,
3530 3467 3593 3511 ut
3648 3475 3745 3510 me
3781 3459 3859 3510 sic

2220 3545 2472 3589 vestrum
2510 3536 2799 3602 putabatis
2834 3535 3129 3589 subditum
3166 3544 3224 3587 et
3260 3537 3409 3588 iusta
3442 3553 3514 3587 ex
3548 3551 3728 3588 causa
3764 3551 3860 3586 vo-

2219 3615 2469 3667 candum
2506 3615 2824 3666 evocaretis
2880 3614 2991 3665 hoc
3036 3621 3319 3678 tempore,
3358 3622 3419 3665 ut
3455 3629 3651 3665 coram
3692 3613 3858 3664 vobis

2218 3707 2633 3756 comparerem,
2689 3692 2734 3742 si
2790 3690 3195 3754 intelligebatis
3254 3690 3415 3756 quod
3476 3689 3859 3756 personaliter

2220 3769 2413 3820 venire.
2451 3768 2725 3820 deberem
2774 3777 2830 3820 et
2866 3767 3021 3833 apud
3072 3769 3442 3828 Cremonam,
3498 3783 3633 3819 cum
3674 3767 3859 3832 publi-

2219 3862 2349 3897 cum
2388 3845 2459 3897 sit
2494 3854 2551 3896 et
2588 3846 2876 3896 notorium
2916 3844 3075 3910 quod
3112 3861 3216 3896 vos
3241 3844 3413 3897 etiarn
3439 3844 3484 3896 si
3514 3843 3740 3894 velletis
3767 3859 3859 3894 me

2219 3938 2331 3973 non
2368 3922 2613 3986 possetis
2648 3922 2796 3973 circa
2834 3921 3112 3986 premissa
3148 3920 3488 3982 deffensare‚
3530 3921 3717 3971 immo
3756 3935 3855 3970 vo—

2218 3998 2304 4050 bis
2340 4007 2493 4050 esset
2530 3999 2915 4063 periculosum
2972 4015 3085 4049 non
3143 3998 3333 4050 minus
3376 4013 3550 4064 quam
3592 3996 3771 4048 michi
3811 3996 3855 4046 si

2217 4075 2546 4127 crederetur
2583 4076 2755 4127 etiam
2795 4091 2897 4126 vos
2923 4075 3069 4126 velle
3096 4074 3152 4125 id
3178 4083 3541 4139 attemptare.
3584 4075 3857 4126 Preterea

2217 4169 2347 4204 011111
2386 4152 2509 4204 51110
2545 4169 2717 4204 causa
2770 4169 3041 4217 expressa
3086 4168 3200 4212 me,
3240 4151 3341 4216 qui
3380 4167 3681 4216 nunquam
3722 4166 3859 4201 con-

2216 4228 2377 4280 suevi
2414 4229 2660 4281 evictare
2685 4229 2955 4281 mandata
2983 4229 3373 4290 dominorum,
3396 4236 3452 4279 et
3474 4235 3715 4292 repente
3737 4236 3857 4279 tam

2216 4307 2447 4358 modico
2484 4307 2679 4370 spacio
2716 4306 2988 4370 preterito
3026 4304 3283 4370 predicta
3320 4304 3543 4357 adiecta
3576 4304 3853 4364 vocastis,

2218 4399 2393 4448 quem
2430 4381 2641 4434 cotidie
2678 4382 2831 4446 apud
2856 4399 2957 4434 vos
2982 4390 3440 4442 conversantem,
3478 4381 3644 4432 cuius
3676 4381 3855 4432 etiam

2218 4459 2454 4510 servicio
2491 4458 2826 4514 utebamini,
2866 4459 3037 4510 etiam
3077 4475 3181 4524 pro
3222 4458 3455 4510 comuni
3494 4459 3550 4510 in
3588 4473 3737 4522 pace
3776 4457 3858 4507 di—

2218 4535 2514 4598 miseratis,
2559 4552 2673 4586 non
2732 4535 3019 4587 immerito
3080 4536 3266 4600 potuit
3302 4537 3364 4602 (ἔ)
3415 4536 3620 4588 11111010
3676 4533 3860 4585 animi

2164 4609 2169 4629 ¹
2217 4612 2385 4664 vestri
2426 4620 2675 4670 motum:
2716 4629 2783 4664 ac
2818 4620 3053 4677 propter
3078 4612 3187 4664 1100
3224 4613 3407 4664 eciam
3444 4613 3490 4664 si
3528 4611 3737 4663 essetis
3776 4611 3858 4662 iu-

2164 4680 2168 4727 l

2215 4689 2326 4741 dex
2366 4705 2529 4740 meus
2555 4689 2679 4740 sine
2704 4690 3010 4755 questione
3035 4705 3268 4754 possem
3292 4705 3396 4740 vos
3423 4696 3484 4741 ut
3510 4698 3855 4754 suspectum

2164 4766 2168 4802 ³
2217 4767 2448 4827 habere,
2488 4782 2554 4817 ac
2592 4775 2788 4830 petere
2838 4765 3014 4818 alium
3068 4765 3257 4818 saltim
3309 4766 3645 4832 episcopum
3694 4781 3858 4817 asso-

485 4995 802 5047 centesimo
850 4995 1129 5056 vigesimo
1183 5011 1356 5053 110110,
1415 4995 1724 5046 indictione
1781 4995 1964 5055 tertia,
2020 4995 2116 5046 die
2164 5007 2166 5032 ¹

488 5073 710 5125 sabbati
747 5073 1004 5125 secundo
1061 5072 1272 5123 mensis
1325 5071 1532 5132 martii,
1603 5071 1659 5122 in
1705 5071 1932 5123 civitate
1970 5073 2113 5123 Cre-

491 5166 681 5212 mone,
723 5150 779 5202 111
815 5149 1028 5214 palatio
1067 5149 1410 5205 conmmnis,
1463 5164 1656 5200 coram
1695 5149 1914 5200 Oberto
1969 5149 2115 5200 vice-

489 5225 746 5287 dominO,
807 5226 1137 5291 Malnepote
1197 5225 1269 5277 de
1324 5227 1499 5278 Curte
1554 5223 1753 5276 maiori
1808 5232 1865 5276 et
1921 5225 2115 5277 multis

489 5303 631 5356 aliis.

557 5379 900 5431 Guilielmns
931 5379 1308 5439 Blachosorte,
1336 5387 1672 5444 procurator
1708 5378 1967 5430 Anselmi
1995 5378 2115 5430 Sal-

483 5457 670 5521 vatici,
725 5457 1023 5524 quondam
1062 5456 1199 5510 civis
1255 5456 1649 5510 cremonensis
1703 5464 1760 5509 et
1811 5471 1965 5509 nunc
2003 5464 2114 5510 tre-

2214 4842 2347 4893 ciari
2386 4842 2431 4892 si
2470 4857 2643 4893 causa
2682 4850 3009 4894 moveretur
3056 4849 3255 4894 contra
3292 4858 3386 4894 me
3424 4843 3497 4894 ab
3534 4842 3665 4905 alie,
3709 4841 3857 4893 mul-

2215 4928 2393 4983 toque
2430 4918 2639 4970 sorcius
2677 4919 2721 4969 si
2750 4935 2852 4969 vos
2880 4935 2982 4982 pro
3007 4919 3239 4970 comuni
3266 4927 3465 4972 contra
3502 4935 3594 4970 me
3628 4919 3857 4984 aliquid

2214 5006 2410 5060 petere
2460 4995 2707 5052 velletis:
2765 5003 2919 5047 esset
2972 4995 3125 5046 enim
3182 4996 3465 5060 prodictio
3514 4995 3719 5047 similis
3778 4995 3855 5046 illi

2214 5089 2387 5137 quam
2430 5071 2591 5122 Iudci
2630 5072 2887 5123 fecerunt
2938 5088 3075 5135 erga
3129 5073 3425 5125 Christum
3462 5072 3675 5124 cotidie
3714 5089 3857 5124 con-

2214 5157 2538 5200 versantem
2575 5156 2631 5199 et
2656 5149 3048 5212 predicantem
3084 5149 3229 5201 inter
3256 5166 3378 5210 eos,
3406 5150 3701 5214 pacienter
3728 5165 3859 5213 per-

2214 5226 2491 5277 miserunt
2526 5224 2685 5275 abire
2722 5241 2787 5276 ac
2813 5225 3185 5289 postmodum
3213 5227 3320 5278 sub
3344 5235 3595 5291 pretestn
3632 5226 3856 5277 osculis

2214 5302 2369 5366 pacis
2404 5317 2535 5354 011111
2573 5301 2785 5365 gradiis
2810 5311 2868 5353 et
2894 5301 3137 5354 fustibus
3162 5302 3353 5367 ipsum
3390 5303 3859 5368 proditionaliter

2214 5387 2444 5444 captum
2483 5378 2905 5439 crucifixerunt,
2962 5378 3006 5429 si
3058 5394 3151 5430 me
3197 5379 3271 5431 ad
3308 5395 3414 5430 vos
3450 5389 3719 5432 vocatum
3760 5379 3853 5430 vel

2213 5456 2486 5509 nuncium
2524 5471 2719 5509 meum
2770 5457 3097 5510 venientem
3134 5455 3424 5511 lederetiS.
3480 5457 3633 5512 Sciat
3670 5456 3853 5524 igitur
