4050 6109
553 296 646 349 12·
836 300 846 312 ¹
1539 300 1808 353 CODICE
1851 300 2375 365 DIPLOMATICO
2416 304 2877 360 CREMONESE

537 548 634 621 89.
679 579 762 589 —
816 563 993 623 1309.
1038 543 1132 617 D,
1182 564 1237 622 3.

547 758 550 763 Ι
621 681 1073 747 Enumeratio
1141 682 1485 746 datiorum
1544 682 1930 746 communis
2004 681 2165 747 Cre-

539 796 788 839 monae
833 813 915 822 —
960 776 1305 840 datiorum
1350 798 1528 859 quae
1593 778 1850 841 debent
1891 779 2166 840 solvere

537 872 871 933 nonnulla
899 870 1294 934 communia
1319 872 1674 934 districtus
1697 907 1780 917 —
1803 882 2162 945 terrarum,

540 966 932 1048 glarearum
1023 976 1096 1029 et
1169 964 1546 1028 stationum
1634 986 1758 1028 seu
1831 966 2165 1029 domuum

540 1060 1001 1139 'spectantium
1048 1061 1134 1122 ad
1202 1060 1568 1142 gabellam,
1630 1078 1926 1143 quorum
1997 1080 2164 1141 pars

539 1154 699 1216 data
743 1152 872 1217 fuit
907 1155 995 1217 ad
1040 1153 1278 1217 fictum
1317 1162 1386 1216 et
1414 1173 1577 1235 pars
1609 1165 1844 1235 empta
1873 1152 2004 1216 fuit
2035 1173 2165 1234 per

537 1270 904 1315 commune
945 1250 1036 1313 ab
1079 1268 1262 1311 anno
1315 1268 1474 1327 1290
1517 1268 1742 1330 usque
1785 1248 1874 1309 ad
1907 1266 2163 1309 annum

543 1366 725 1425 1309.

603 1574 837 1627 Datium
871 1573 1102 1627 sextarii
1137 1572 1254 1625 vini
1289 1572 1445 1627 curie
1479 1570 1700 1625 domini
1733 1572 2010 1639 episcopi.

607 1649 903 1703 Pedalium
939 1649 1100 1718 quod
1150 1649 1473 1716 appellatur
1523 1656 1686 1703 tansa
1721 1648 1798 1703 de
1835 1648 2161 1701 Malfiastris

537 1742 652 1793 que
687 1727 927 1781 solvitur
961 1744 1064 1794 per
1097 1726 1425 1793 malgariOS.

606 1803 841 1857 Datium
878 1804 1130 1857 duorum
1153 1803 1522 1857 denariorum
1547 1802 1623 1855 de
1645 1802 1807 1871 libra,
1842 1800 2159 1855 bestiarum

538 1896 653 1947 que
688 1880 1017 1934 venduntur
1071 1881 1128 1933 in
1175 1880 1403 1933 civitate
1437 1880 1774 1948 episcopatu
1810 1888 1868 1932 et
1901 1878 2160 1932 districtu

536 1958 824 2011 Cremone
860 1974 962 2024 per
996 1958 1324 2011 foresterios
1367 1966 1426 2011 et
1459 1965 1724 2011 ementur
1759 1972 1862 2023 per
1897 1972 2016 2018 eOS,
2056 1972 2163 2008 ex-

533 2036 714 2101 ceptis
748 2036 807 2089 in
843 2036 984 2089 locis
1035 2034 1136 2087 ubi
1181 2034 1328 2087 fiunt
1364 2034 1652 2088 merchata
1687 2033 1977 2095 comunia‚
2016 2049 2161 2100 quo·-

533 2128 662 2165 rum
697 2112 929 2166 solvunt
963 2111 1218 2177 gabellas
1241 2112 1484 2165 Gabelle
1502 2120 1561 2164 et
1585 2110 1818 2165 comuni
1843 2112 2153 2173 Cremone,

534 2199 592 2244 et
629 2190 686 2243 in
723 2199 910 2244 castro
945 2189 1198 2243 Sonzini.

601 2267 845 2321 Gabella
880 2274 940 2319 et
972 2266 1264 2333 pedalium
1319 2282 1434 2333 que
1487 2266 1795 2332 exiguntur
1845 2264 1904 2317 in
1941 2264 2160 2330 episeo-

533 2353 671 2410 patu
708 2344 994 2397 Cremone
1030 2351 1089 2396 et
1124 2342 1382 2396 districtu
1409 2360 1442 2395 a
1465 2350 1642 2397 strata
1667 2340 1959 2395 Robecchi
1984 2356 2159 2407 supra

539 2420 616 2475 de
665 2420 1007 2487 pecudibu3‚
1068 2419 1361 2483 multoniS,
1413 2420 1620 2485 capriS,
1675 2419 1885 2481 bobuS,
1939 2416 2155 2479 vachi3‚

537 2496 808 2551 manzolis
843 2504 902 2551 et
935 2512 1138 2549 eorum
1173 2496 1541 2549 nascentibus
1575 2503 1635 2549 et
1666 2496 1799 2549 lana
1833 2510 2052 2548 earum.

605 2574 846 2627 Gabella
881 2574 995 2627 seni
1049 2573 1247 2627 strami
1300 2573 1464 2639 palee
1518 2573 1729 2639 patucii
1774 2573 2065 2639 lignorum
2101 2579 2159 2624 et

537 2652 848 2705 sornatium
885 2651 1146 2716 plebatus
1181 2650 1350 2704 Calsi.

603 2728 839 2782 Datium
865 2727 939 2781 de
963 2727 1329 2794 palificaturis
1355 2727 1821 2781 molendinorum
1857 2736 1915 2781 et
1938 2726 2013 2779 de
2040 2742 2158 2779 ma-

536 2806 686 2861 xeris
721 2804 839 2860 lini.

603 2882 847 2937 Gabella
898 2889 957 2935 et
1003 2881 1224 2935 datium
1279 2881 1437 2949 quod
1492 2882 1739 2949 exigitur
1779 2899 1814 2936 a
1847 2880 2157 2935 foresteriis

535 2964 610 3016 de
645 2960 822 3028 peciis
857 2958 957 3013 fili.

601 3038 844 3093 Gabella
879 3044 938 3089 et
970 3035 1262 3102 pedalium
1286 3035 1362 3090 de
1386 3036 1572 3103 porcis
1607 3036 2022 3103 temporalibus
2057 3035 2157 3104 qui

533 3116 936 3171 conducuntur
972 3113 1028 3167 in
1065 3113 1352 3166 civitatem
1388 3122 1446 3167 et
1488 3122 1649 3167 extra
1683 3114 1972 3169 civitatem
2021 3115 2157 3167 Cre·-

538 3210 730 3253 mone‚
768 3192 843 3244 de
879 3190 1110 3244 duobus
1145 3190 1394 3243 denariis
1429 3190 1504 3244 de
1539 3191 1700 3246 libra.

600 3269 835 3322 Datium
888 3266 1316 3321 revenditorum
1365 3274 1424 3320 et
1475 3268 1920 3321 revenditricum
1973 3265 2157 3333 pullo-

530 3363 657 3401 rum
693 3360 938 3399 ovorum
973 3351 1031 3396 et
1053 3344 1537 3397 salvatieinarum.

596 3422 833 3475 Datium
869 3428 926 3472 et
959 3420 1184 3485 gabella
1208 3419 1458 3473 duorum
1497 3420 1872 3474 denariorum
1909 3420 1984 3473 de
2009 3420 2155 3473 libra

525 3499 675 3553 casei
712 3498 866 3565 plani
903 3496 1156 3549 nostrani
1192 3506 1251 3549 et
1285 3497 1415 3549 lane
1469 3505 1740 3550 nostrane
1792 3506 1851 3550 et
1893 3497 2150 3550 carnium

528 3578 828 3635 siccarum,
867 3590 982 3641 que
1018 3574 1346 3627 venduntur
1371 3582 1430 3627 et
1452 3582 1718 3628 ementur
1741 3574 1802 3627 in
1825 3574 1984 3628 curia
2009 3567 2155 3627 mer-

526 3651 847 3708 chadandie
899 3658 958 3705 et
1009 3650 1068 3703 in
1120 3650 1347 3704 civitate
1399 3659 1457 3705 et
1508 3651 1798 3705 suburbiis
1852 3668 1956 3719 per
2007 3651 2154 3704 sore-

527 3731 748 3785 sterios.

599 3807 832 3861 Datium
869 3804 1030 3873 quod
1075 3803 1298 3859 solvere
1349 3804 1566 3858 debent
1612 3803 1689 3857 illi
1725 3805 1825 3872 qui
1859 3804 2155 3872 adaquant

527 3892 690 3952 prata
725 3891 784 3937 et
818 3892 998 3936 terras
1048 3881 1124 3935 de
1159 3898 1309 3947 aqua
1363 3882 1576 3944 navilii,
1631 3881 1848 3937 scilicet
1901 3890 2153 3949 quatuor

525 3961 898 4015 denariorum
933 3959 1008 4013 de
1045 3959 1261 4026 pertica
1295 3975 1401 4025 pro
1452 3958 1713 4027 quolibet
1747 3975 1902 4013 anno
1939 3959 1998 4012 in
2034 3958 2154 4011 kal-

524 4038 710 4091 lendis
745 4036 952 4103 agusti.

595 4115 833 4168 Datium
867 4112 1150 4167 baratarie
1174 4111 1404 4166 maioris
1432 4112 1640 4179 platee,
1678 4121 1874 4167 sancte
1897 4113 2149 4179 Agathe,

526 4200 584 4246 et
617 4191 818 4258 capitis
853 4190 1044 4257 pontis
1085 4189 1244 4243 Padi.

595 4268 831 4323 Datium
863 4268 940 4320 de
976 4266 1156 4319 herris
1192 4274 1250 4320 et
1285 4266 1450 4320 terris
1474 4266 1784 4322 sornatium
1820 4267 1981 4335 quod
2016 4284 2152 4321 con·-

524 4354 756 4400 suetum
793 4354 881 4398 est
915 4344 1088 4397 vendi
1139 4352 1198 4397 et
1233 4343 1500 4396 venditur
1535 4361 1638 4412 per
1672 4345 2056 4411 gabellatores
2092 4344 2150 4397 in

529 4424 756 4476 Moseta
792 4421 889 4476 ubi
925 4429 1060 4474 sunt
1094 4421 1374 4474 fornaces,

594 4502 859 4553 Comune
893 4505 952 4551 et
988 4497 1252 4551 homines
1309 4496 1625 4552 Pizoleonis
1677 4498 1893 4552 debent
1927 4499 2151 4553 solvere

524 4593 632 4643 pro
667 4574 892 4641 gabella
945 4574 1028 4628 eis
1074 4574 1344 4641 imposita
1379 4575 1453 4628 de
1489 4575 1663 4628 rebus
1698 4574 1984 4629 traversiis
2019 4584 2150 4629 tan-

523 4660 648 4706 tum
685 4650 923 4718 singulis
974 4652 1157 4704 tribus
1211 4652 1509 4705 mensibus
1561 4660 1676 4706 tres
1720 4651 1894 4705 libras
1929 4652 2004 4705 de
2040 4651 2151 4705 illis

527 4730 731 4783 decem
767 4728 924 4782 libris
961 4744 1106 4795 quas
1141 4729 1368 4783 solvere
1404 4728 1696 4783 debebant
1720 4736 1779 4783 et
1801 4728 1950 4781 soliti
1988 4737 2151 4784 erant

526 4806 770 4860 solvere.

593 4884 856 4936 Comune
910 4890 967 4935 et
1021 4880 1288 4935 homines
1343 4881 1598 4935 Robechi
1653 4881 1870 4935 debent
1925 4882 2149 4935 solvere

525 4958 766 5025 singulis
801 4959 983 5011 tribus
1040 4959 1334 5013 mensibus
1384 4958 1585 5024 viginti
1637 4958 1834 5012 soldos
1869 4976 1974 5025 pro
2011 4976 2150 5026 qua-

524 5038 661 5090 dam
696 5035 920 5103 gabella
955 5036 1039 5089 eis
1076 5036 1342 5101 imposita
1380 5035 1492 5088 iam
1519 5044 1607 5089 est
1630 5035 1751 5089 diu.
1777 5036 1894 5089 Sed
1920 5053 2039 5090 non
2064 5052 2145 5090 re-

523 5114 740 5182 peritur
773 5128 876 5166 eos
912 5112 1028 5165 iam
1064 5112 1164 5165 diu
1201 5119 1288 5165 est
1323 5111 1541 5178 aliquid
1573 5128 1678 5179 pro
1714 5129 1784 5165 ea
1818 5113 2076 5166 solvisse.

589 5190 855 5243 Comune
888 5198 948 5243 et
983 5188 1245 5241 homines
1283 5188 1501 5241 Platine
1537 5188 1754 5243 debent
1788 5189 2011 5243 solvere
2035 5191 2147 5244 sin—

521 5266 672 5335 gulis
705 5267 888 5321 tribus
943 5264 1238 5320 mensibus
1290 5272 1423 5319 octo
1459 5266 1632 5319 libras
1667 5265 1870 5334 imper.
1909 5274 1967 5320 et
2002 5268 2145 5321 inci-

577 5482 634 5537 (1)
666 5480 863 5534 Leggasi
896 5480 937 5524 C
931 5482 1050 5525 uritis·
1077 5482 1236 5534 Rupte.

2884 442 3869 455 ————————————-

2263 555 2427 623 piunt
2460 557 2769 612 terminum
2806 559 2901 613 die
2922 561 3355 628 quartadecima
3388 564 3603 617 mensis
3638 568 3873 623 octobris

2263 640 2320 685 et
2356 633 2443 721 sic·
2472 634 2665 687 finitur
2699 635 2757 689 in
2795 637 3227 702 quartadecima
3262 639 3357 693 die
3392 641 3695 696 cuiuslibet
3728 647 3874 700 tercii

2262 726 2497 764 menS1S.

2329 788 2595 841 Comune
2628 796 2687 843 et
2722 790 2987 845 homines
3024 793 3499 849 Casallismaioris
3536 796 3752 851 debent
3774 800 3875 853 sol-

2263 880 2395 917 vere
2431 864 2670 931 singulis
2705 867 2888 921 tribus
2924 870 3220 923 mensibus
3262 870 3467 925 decem
3502 873 3679 927 libras
3714 882 3769 927 et
3803 876 3875 929 in-

2262 940 2479 1005 cipiunt
2515 943 2823 997 terminum
2878 954 2937 999 et
2989 947 3195 1001 finiunt
3248 948 3410 1001 illum
3447 958 3509 1003 ut
3544 950 3762 1003 dictum
3796 962 3875 1007 est

2260 1032 2454 1082 supra.

2328 1093 2594 1149 Comune
2630 1105 2689 1150 et
2724 1098 2989 1153 homines
3028 1100 3261 1155 Portioli
3285 1102 3502 1158 debent
3526 1105 3753 1159 solvere
3776 1106 3877 1159 sin-

2260 1170 2411 1236 gulis
2442 1172 2625 1226 tribus
2680 1176 2977 1230 mensibus
3024 1194 3128 1231 sex
3177 1179 3352 1233 libras
3398 1180 3606 1247 imper.
3653 1190 3713 1235 et
3746 1183 3879 1235 inci-

2260 1247 2427 1313 piunt
2460 1257 2519 1302 et
2553 1250 2761 1305 finiunt
2794 1254 3104 1307 terminum
3141 1264 3205 1310 ut
3240 1272 3433 1323 supra.

2329 1326 2594 1379 Comune
2630 1336 2688 1381 et
2741 1329 3004 1384 homines
3058 1334 3343 1399 Regazole
3391 1334 3611 1388 debent
3664 1336 3877 1390 solvere

2259 1417 2363 1466 per
2396 1409 2583 1455 totum
2620 1420 2837 1459 annum
2889 1424 2991 1460 sex
3043 1408 3215 1462 libras
3264 1409 3471 1479 imper.
3507 1420 3566 1465 et
3606 1411 3877 1479 incipiunt

2258 1494 2495 1533 annum.

2326 1556 2593 1610 Comune
2628 1566 2687 1612 et
2727 1560 2991 1615 homines
3043 1563 3341 1617 Guastalle
3390 1565 3613 1619 debent
3666 1567 3881 1621 solvere

2258 1631 2499 1697 singulis
2532 1636 2715 1689 tribus
2753 1639 3047 1692 mensibus
3070 1640 3275 1695 decem
3298 1642 3492 1697 libras.
3518 1644 3625 1697 Set
3652 1661 3769 1697 non
3796 1661 3881 1698 re-

2258 1710 2475 1776 peritur
2509 1728 2611 1765 eos
2648 1714 2885 1769 solvisse
2922 1716 3033 1769 iam
3070 1726 3159 1771 est
3192 1718 3312 1773 diu.

2326 1788 2519 1842 Stacio
2564 1789 2827 1857 draparie
2880 1810 2995 1860 que
3047 1794 3153 1848 fuit
3198 1796 3420 1850 domini
3472 1798 3760 1852 Manarini
3812 1800 3879 1851 de

2261 1864 2531 1919 Manariis
2567 1868 2793 1921 arietata
2830 1878 2916 1923 est
2954 1870 3144 1924 Mafeo
3178 1871 3253 1927 de
3289 1874 3535 1927 Rosanis
3572 1874 3650 1927 ad
3688 1876 3874 1929 fictum

2258 1941 2619 1997 reddendum
2656 1946 2951 1999 annuatim
3007 1964 3111 2014 pro
3164 1948 3417 2004 sedecim
3472 1952 3633 2005 libris
3681 1954 3874 2018 imper.

2260 2019 2333 2071 Et
2366 2019 2565 2086 incipit
2614 2022 2893 2077 terminus
2940 2024 3037 2078 die
3072 2024 3354 2091 vigesimo
3390 2029 3585 2083 madii.
3630 2032 3722 2081 De
3758 2046 3879 2082 em-

2256 2095 2453 2161 ptione
2487 2098 2650 2152 cuius
2684 2100 2946 2154 stationis
2966 2110 3025 2155 et
3047 2102 3182 2156 ficto
3218 2104 3479 2170 predicto
3510 2106 3649 2159 fecit
3668 2116 3877 2161 cartam

2260 2176 2611 2229 Petrebonus
2646 2177 2720 2230 de
2744 2179 3105 2247 Gossalengo
3136 2181 3411 2245 notarius,
3436 2182 3748 2237 millesimo
3783 2184 3879 2235 du-

2255 2252 2572 2305 centesimo
2608 2256 2986 2320 nonagesimo
3021 2257 3301 2311 secundo,

2324 2328 2519 2381 Glaria
2554 2330 2833 2384 Comunis
2868 2339 2927 2385 et
2962 2334 3204 2387 Gabelle
3239 2349 3357 2400 que
3380 2342 3469 2388 est
3490 2350 3597 2402 per
3624 2336 3877 2390 medium

2255 2412 2313 2458 et
2347 2405 2582 2459 vicinias
2616 2416 2947 2463 sanctorum
2986 2409 3160 2463 Blaxii
3187 2419 3245 2463 et
3272 2412 3505 2465 Baxiani
3540 2412 3775 2466 afictata
3798 2421 3878 2465 est

2256 2497 2360 2547 pro
2396 2482 2635 2537 dimidia
2658 2494 2820 2550 parte
2848 2486 3015 2539 Petro
3040 2486 3114 2539 de
3142 2488 3478 2552 Rebuffatis,
3518 2488 3876 2542 Lansrancho

2255 2558 2329 2612 de
2346 2564 2515 2625 Puza,
2542 2561 2845 2616 A'lbertino
2864 2562 2939 2615 de
2958 2562 3194 2627 Sadulo,
3220 2564 3526 2619 Novellino
3548 2566 3626 2619 de
3652 2568 3872 2628 Crema,

2256 2637 2515 2691 Gabrino
2550 2638 2624 2691 de
2658 2639 2911 2701 Acerbo‚
2950 2640 3253 2694 Albertino
3288 2641 3365 2694 de
3402 2642 3753 2704 BenedictiS,
3781 2644 3873 2695 Ot-

2254 2714 2471 2768 tebono
2508 2716 2758 2780 Bozono,
2800 2717 3172 2770 Marchexino
3206 2718 3282 2772 de
3317 2719 3671 2783 CarravatiO,
3702 2720 3877 2773 Bona-

2254 2788 2369 2843 deo
2403 2790 2478 2844 de
2513 2792 2923 2858 StangonibuS,
2951 2794 3247 2847 Iacomino
3273 2794 3347 2847 de
3374 2796 3741 2858 Labordella,
3768 2798 3875 2847 Ga-

2255 2867 2421 2921 brino
2474 2868 2817 2931 Bellincasa,
2874 2870 3161 2924 Bertolino
3214 2871 3532 2935 GatalariO,
3598 2874 3874 2926 Lasranco

2254 2945 2509 2998 Senoldo
2544 2953 2602 2999 et
2638 2946 2927 3000 Bertolino
2968 2945 3043 3001 de
3079 2946 3364 3011 OliveriiS,
3400 2948 3599 3003 vicinis
3636 2950 3873 3003 viciniae

2255 3022 2434 3076 sancti
2474 3023 2670 3087 Blaxii,
2710 3040 2815 3090 pro
2850 3039 2914 3076 se
2949 3033 3006 3079 et
3041 3025 3373 3079 hominibus
3407 3036 3466 3079 et
3500 3025 3703 3079 vicinis
3728 3026 3871 3079 dicte

2254 3099 2479 3163 vicinie,
2514 3100 2592 3154 ad
2626 3100 2822 3155 fictum
2876 3100 3237 3155 reddendum
3290 3104 3589 3157 annuatim
3642 3104 3719 3157 de
3755 3104 3869 3169 ipsa

2256 3177 2565 3231 medietate
2602 3178 2878 3231 massario
2914 3178 3155 3231 Gabelle
3190 3179 3449 3246 quinque
3472 3180 3749 3234 librarum
3777 3180 3872 3233 im-

2254 3270 2373 3319 per.
2414 3270 2516 3320 per
2550 3262 2737 3308 totum
2787 3270 3047 3308 mensem
3096 3255 3309 3318 martii;
3356 3264 3417 3309 et
3447 3256 3561 3311 alia
3594 3258 3870 3311 medietas

2254 3339 2341 3383 est
2376 3330 2602 3385 afictata
2640 3331 2831 3384 Mafeo
2864 3331 2940 3385 de
2992 3331 3291 3395 Azane110,
3345 3333 3619 3386 omnibus
3678 3333 3870 3387 vicinis

2252 3407 2458 3461 vicinie
2494 3408 2673 3461 sancti
2713 3408 2965 3471 Baxiani,
3004 3424 3111 3475 pro
3136 3425 3201 3462 se
3236 3416 3295 3463 et
3330 3409 3663 3465 hominibus
3698 3420 3757 3465 et
3790 3410 3871 3461 vi-

2252 3485 2394 3538 cinis
2430 3484 2581 3538 dicte
2626 3485 2851 3548 vicinie,
2907 3486 3208 3539 reddendo
3256 3487 3553 3541 annuatim
3602 3488 3679 3543 de
3708 3506 3777 3542 ea
3811 3495 3869 3538 ut

2254 3576 2426 3627 supra
2460 3562 2679 3615 dictum
2730 3570 2821 3615 est
2872 3562 2948 3615 ad
2997 3562 3217 3617 dictum
3268 3564 3579 3619 terminum
3614 3566 3868 3631 quinque

2252 3638 2425 3691 libras
2460 3639 2662 3705 imper.
2702 3639 2778 3692 de
2804 3639 3155 3693 investitura.
3183 3640 3365 3693 Cuius
3388 3640 3568 3707 glarie
3602 3642 3736 3696 fecit
3758 3658 3870 3694 car-

2251 3724 2370 3769 tam
2406 3716 2795 3783 Zumignanus
2844 3715 2920 3769 de
2956 3716 3009 3768 la
3046 3716 3221 3781 Mola,
3264 3717 3569 3771 millesimo
3604 3719 3869 3773 ducente-

2251 3794 2399 3847 simo
2437 3792 2813 3859 nonagesimo
2838 3793 3025 3847 terti0.

2316 3870 2623 3925 Terminus
2656 3870 2966 3925 stationum
3002 3870 3243 3923 Gabelle
3276 3888 3393 3939 que
3428 3880 3563 3925 sunt
3596 3884 3737 3940 aput
3769 3874 3869 3925 ba-

2251 3949 2553 4009 tisterium,
2590 3947 2647 4001 in
2685 3964 2803 4015 qua
2838 3956 3135 4001 morantur
3169 3949 3441 4003 dominus
3468 3949 3727 4017 Filippus
3762 3952 3868 4003 Ve-

2252 4026 2473 4081 neticus
2510 4036 2568 4079 et
2615 4024 2734 4085 filii.
2788 4034 2876 4079 est
2927 4025 3021 4078 die
3072 4024 3353 4091 vigesimo
3400 4034 3607 4081 octavo
3660 4027 3867 4081 mensis

2254 4120 2465 4158 marzu.

2318 4180 2627 4235 Terminus
2678 4180 2909 4235 alterius
2944 4180 3205 4235 stationis
3240 4180 3483 4234 Gabelle
3519 4198 3637 4247 que
3670 4190 3759 4236 est
3793 4178 3863 4233 ibi

2250 4274 2449 4325 prope,
2486 4256 2543 4310 in
2580 4273 2697 4323 qua
2744 4264 2856 4310 stat
2910 4257 3234 4311 Bernardus
3284 4255 3359 4310 de
3414 4260 3617 4323 Lame,
3656 4267 3743 4313 est
3776 4258 3864 4310 die

2249 4334 2654 4400 suprascripto·

2316 4412 2622 4465 Terminus
2662 4410 2897 4465 alterius
2930 4410 3191 4465 stationis
3228 4410 3470 4466 Gabelle
3520 4429 3637 4480 que
3671 4422 3758 4467 est
3790 4408 3861 4463 ibi

2248 4506 2448 4557 prope,
2489 4490 2545 4542 in
2582 4504 2698 4555 qua
2732 4497 2844 4542 stat
2879 4488 3151 4541 Yzolinus
3199 4488 3423 4551 SaviuS,
3462 4498 3551 4543 est
3586 4490 3680 4543 die
3717 4491 3861 4555 vige-

2249 4568 2399 4620 simo
2434 4574 2640 4619 octavo
2677 4565 2884 4619 martii.

2316 4643 2624 4696 Terminus
2659 4642 2891 4696 alterius
2927 4642 3187 4697 stationis
3213 4660 3440 4710 magne,
3471 4661 3647 4711 quam
3673 4648 3861 4698 tenent

2250 4720 2629 4773 Frederichus
2666 4719 2741 4773 de
2778 4719 3128 4786 Persighello
3164 4728 3221 4774 et
3244 4721 3657 4775 Omnebonum
3692 4724 3861 4775 Cave-

2248 4797 2456 4861 donus,
2494 4806 2582 4850 est
2615 4797 2710 4849 die
2746 4797 2934 4863 primo
2970 4797 3166 4851 madii.

2314 4876 2492 4927 Terre
2515 4890 2630 4940 que
2654 4874 2886 4927 fuerunt
2909 4875 3207 4941 quondam
3230 4876 3452 4930 domini
3478 4875 3639 4929 Boxii
3662 4876 3735 4931 de
3756 4875 3859 4927 Do-

2246 4950 2403 5004 varia
2428 4950 2677 5003 iacentes
2719 4951 2775 5003 in
2801 4951 3084 5005 territorio
3114 4954 3331 5015 Roche,
3358 4953 3559 5005 Crucis
3586 4955 3770 5019 Rupte
3792 4948 3861 5017 (1)

2246 5037 2304 5082 et
2339 5029 2513 5081 Coste
2557 5045 2674 5094 que
2708 5036 2903 5094 empte
2946 5028 3178 5082 suerunt
3212 5046 3313 5097 per
3348 5030 3670 5094 Gabellam,
3716 5028 3860 5082 salva

2245 5106 2465 5160 ratione
2488 5105 2791 5159 cuiuslibet
2813 5106 3043 5172 pertice,
3083 5105 3217 5161 date
3240 5107 3471 5161 suerunt
3504 5106 3637 5161 hinc
3660 5106 3730 5159 ad
3756 5115 3859 5158 tres

2244 5202 2426 5240 annos
2463 5184 2538 5238 ad
2573 5183 2773 5237 fictum
2810 5184 3099 5236 Bertolino
3144 5183 3218 5236 de
3254 5184 3544 5249 StanghiS,
3585 5180 3858 5237 Ghirardo

2244 5267 2319 5319 de
2346 5261 2685 5319 Alamannis
2718 5276 2853 5314 cum
2878 5260 3066 5324 sociiS,
3106 5276 3211 5327 pro
3246 5260 3477 5327 triginta
3512 5260 3692 5315 tribus
3714 5256 3857 5313 libris
