4050 6109
1117 290 1272 368 169-
1304 308 1438 368 170.
1485 324 1567 333 ——
1613 303 1690 352 A.
1747 309 1927 367 1313.
1981 326 2058 335 —
2112 302 2393 354 SECOLO
2440 306 2600 354 XIV.
3457 310 3531 370 37

1074 426 1184 434 ———-

1708 436 1721 441 ..
2291 428 2344 433 -.Ἶ-
2432 428 2563 435 m---

3053 438 3256 444 --—--.—
3281 438 3532 445 --ψ

939 562 1029 613 43.
1855 547 1860 632 ξ
1901 546 1976 599 sit
2012 546 2293 601 oriundus
2334 547 2412 601 de
2456 548 2685 602 civitate
2734 550 2963 615 propria
3012 549 3191 616 ipsius
3240 550 3541 617 potestatis

383 667 396 679 .
449 666 460 676 .
571 667 582 677 .
1855 637 1860 652 ⁵
1904 631 1964 676 et
1999 640 2067 677 ca
2111 623 2285 677 itanei
2360 642 2435 677 ne
2480 641 2553 677 ue
2589 625 2659 677 al‘
2708 642 2765 678 m
2802 626 3051 679 iudicem
3088 644 3121 679 e
3286 628 3403 680 'um
3524 628 3539 680 i

191 666 1809 810 9ἕῖρέξὸἴὲωωάῖῖῗῖῗέαζῗῑῖζξηὼᾶἶῖκζηέἶῗ
1855 661 1860 738 i
1904 700 1978 753 de
2019 640 2127 753 stfa
2162 663 2393 768 propria
2416 642 2752 756 εῗνίωῖειὲἰῑ
2787 704 3056 757 bannitus
3082 634 3538 768 velsgrifinags,

239 836 302 872 ae
434 820 466 873 ὸ
1856 797 1862 842 ι,
1907 794 2059 843 pena
2092 786 2151 831 et
2187 778 2379 831 banno
2417 779 2462 832 C
2498 778 2773 833 librarum
2814 781 3194 847 imperialium
3218 781 3293 834 de
3322 781 3541 835 salariis

299 834 405 886 0¹⁶⁶
467 836 664 875 Onam·
1905 854 2213 909 cuiuslibet
2248 871 2472 911 eorum.

241 955 396 1011 Istud
430 964 722 1011 statutum
759 958 1042 1012 omissum
1079 958 1186 1013 suit
1211 958 1352 1013 vitio
1378 968 1436 1013 et
1460 960 1677 1013 incuria
1699 977 1811 1027 po-

182 1045 476 1089 sterorum.

946 1170 1031 1219 44.

237 1273 379 1326 Item
416 1272 636 1326 eodem
675 1273 984 1328 millesimo
1021 1273 1335 1328 indictione
1373 1283 1433 1327 et
1469 1291 1667 1328 mense
1694 1284 1814 1329 sta-

181 1360 353 1403 tutum
389 1360 452 1404 et
505 1350 841 1405 ordinatum
899 1358 1019 1413 est,
1062 1351 1222 1419 quod
1261 1367 1465 1405 omnes
1506 1361 1562 1405 et
1603 1352 1810 1419 singuli

181 1426 440 1480 confinati
476 1426 582 1495 qui
622 1428 1010 1494 reperirentur
1043 1428 1240 1494 seripti
1275 1444 1381 1495 pro
1418 1429 1718 1483 confinatis
1755 1428 1810 1481 in
1861 1423 1865 1436 '

180 1503 460 1570 aliquibus
495 1502 662 1557 libris
685 1504 776 1556 vel
807 1504 949 1558 actis
975 1506 1300 1558 communis
1325 1505 1413 1557 vel
1451 1505 1650 1571 populi
1681 1506 1814 1557 Cre-

183 1595 376 1633 monae
397 1624 411 1649 ,
447 1588 510 1635 et
541 1596 694 1649 quos
729 1597 846 1635 non
885 1590 1192 1647 appareret
1225 1582 1548 1635 ostendisse
1585 1581 1814 1648 publica

181 1656 556 1711 instrumenta
592 1658 742 1711 sicut
779 1657 1017 1712 ivissent
1053 1668 1110 1711 et
1145 1659 1436 1712 stetissent
1463 1658 1537 1711 ad
1568 1658 1815 1712 confinia

180 1734 254 1785 eis
286 1733 558 1787 ordinata
593 1749 700 1801 per
733 1750 1046 1788 commune
1089 1735 1446 1803 Cremonae,
1483 1734 1602 1788 sive
1647 1750 1816 1801 repe—

179 1810 414 1863 rirentur
448 1810 756 1865 cancellati
791 1810 880 1864 vel
922 1827 1037 1864 non
1075 1810 1408 1871 cancellati,
1448 1811 1608 1878 quod
1644 1811 1816 1864 habe-

179 1895 336 1939 antur
369 1895 430 1940 et
483 1895 798 1941 teneantur
851 1887 1196 1940 authoritate
1251 1888 1567 1954 praesentis
1619 1890 1814 1940 statuti

179 1979 273 2027 pro
295 1962 642 2018 bandezatis
659 1964 736 2017 de
761 1964 1112 2017 malexardia
1130 1964 1456 2017 communis
1475 1964 1816 2031 Cremonae,

179 2049 229 2093 et
259 2040 422 2108 quod
461 2040 624 2094 bona
659 2056 866 2093 eorum
903 2057 1009 2107 pro
1047 2040 1350 2106 publicatis
1383 2040 1720 2093 habeantur.
1746 2041 1816 2092 Et

179 2118 275 2169 hoc
307 2124 601 2171 statutum
637 2118 712 2171 sit
745 2124 1018 2170 truncum
1057 2128 1114 2170 et
1150 2117 1496 2183 praecisum.

951 2318 1039 2369 45·

209 2433 297 2485 De
323 2431 578 2499 pecunia
613 2430 876 2497 deputata
903 2436 1021 2497 pro
1059 2429 1368 2497 refectione
1393 2430 1586 2497 paulis
1610 2430 1776 2485 Padi.

239 2568 384 2621 Item
422 2566 644 2620 eodem
681 2566 992 2621 millesimo
1029 2566 1341 2621 indictione
1377 2574 1436 2620 et
1472 2583 1671 2621 mense
1707 2576 1818 2621 sta-

179 2652 358 2698 tutum
396 2652 462 2698 et
499 2642 834 2697 ordinatum
869 2652 978 2706 est,
1015 2644 1178 2712 quod
1213 2652 1468 2711 potestas
1509 2651 1567 2698 et
1601 2643 1820 2711 capita-

183 2736 314 2774 neus
349 2729 412 2775 et
450 2720 731 2791 dpminus
771 2722 1040 2776 Matheus
1075 2720 1250 2775 iudex
1287 2728 1647 2775 sacramento
1693 2738 1820 2788 pre-

181 2799 286 2852 cise
337 2807 656 2853 teneantur
690 2806 750 2851 et
785 2798 1040 2852 debeant
1074 2797 1214 2852 dare
1265 2814 1504 2864 operam
1558 2815 1690 2852 cum
1732 2798 1820 2853 es-

181 2874 320 2929 sectu
359 2875 532 2944 quod
571 2892 719 2943 pons
777 2875 916 2930 Padi
951 2875 1238 2929 reficiatur
1277 2884 1336 2929 et
1368 2876 1724 2941 compleatur
1759 2876 1817 2929 in

180 2961 356 3007 totum
383 2994 396 3015 ‚
439 2962 504 3006 et
539 2952 702 3020 quod
745 2952 938 3007 omnis
973 2951 1217 3019 pecunia
1260 2952 1398 3006 alias
1435 2952 1710 3019 deputata
1744 2952 1820 3006 ad

183 3029 482 3084 introitum
519 3030 702 3097 ipsius
736 3029 930 3096 pontis
967 3045 1071 3096 pro
1095 3027 1407 3083 resectione
1441 3036 1500 3081 et
1525 3038 1821 3082 manuten-

181 3106 327 3160 tione
383 3106 574 3174 ipsius
625 3106 821 3174 pontis
856 3105 1128 3160 deveniat
1165 3114 1224 3159 et
1273 3104 1574 3172 pervenire
1610 3104 1822 3158 debeat

187 3182 237 3236 in
272 3184 626 3237 massarium
663 3183 844 3249 ipsius
879 3182 1092 3249 pontis,
1132 3182 1206 3235 Et
1228 3181 1389 3248 quod
1425 3180 1548 3247 ipsa
1580 3181 1824 3248 pecunia

189 3260 336 3314 nullo
383 3276 533 3314 casu
579 3276 682 3314 seu
737 3258 972 3325 ingenio
1014 3258 1178 3325 quod
1218 3256 1330 3311 dici
1377 3257 1466 3311 vel
1513 3258 1824 3325 excogitari

187 3337 360 3401 possit
393 3336 655 3403 expendi
691 3335 882 3390 valeat
913 3350 1022 3389 nec
1064 3334 1276 3389 debeat
1311 3334 1418 3388 nisi
1453 3334 1825 3389 solummodo

189 3413 238 3465 in
275 3411 530 3467 utilitate
575 3412 758 3479 ipsius
803 3411 1011 3478 pontis,
1060 3414 1134 3465 Et
1167 3411 1330 3479 quod
1377 3411 1574 3465 omnia
1615 3420 1827 3465 statuta

189 3490 548 3553 provisiones
603 3498 663 3543 et
717 3488 1162 3544 reformationes
1213 3489 1362 3543 sacta
1407 3497 1470 3543 et
1503 3488 1684 3542 factae
1721 3506 1827 3555 pro

188 3566 498 3620 refectione
534 3575 594 3619 et
631 3565 1070 3619 manutentione
1107 3564 1244 3619 dicti
1280 3566 1474 3631 pontis
1508 3566 1734 3619 valeant
1769 3575 1828 3619 et

190 3651 418 3697 teneant
459 3652 516 3697 et
555 3658 662 3709 pro
699 3642 928 3695 statutis
963 3641 1164 3709 populi
1203 3641 1540 3695 habeantur.
1572 3644 1642 3695 Et
1670 3658 1830 3709 prae-

190 3718 330 3772 dicta
365 3720 574 3773 omnia
609 3728 670 3772 et
694 3718 994 3787 quaelibet
1018 3718 1295 3785 praedicti
1317 3719 1540 3772 domini
1575 3727 1830 3787 potestas

190 3803 243 3848 et
273 3796 620 3863 capitaneus
654 3804 714 3851 et
747 3794 995 3863 quilibet
1027 3796 1176 3849 alius
1197 3794 1458 3849 officialis
1483 3796 1825 3860 Cremonae,

193 3872 284 3938 qui
331 3888 492 3927 nunc
531 3881 668 3927 sunt
711 3882 770 3926 et
803 3888 912 3939 pro
961 3872 1321 3937 temporibus
1357 3882 1544 3935 erunt,
1588 3890 1737 3938 pena
1773 3882 1829 3927 et

191 3946 376 4003 banno
417 3950 470 4003 L
504 3947 786 4002 librarum
842 3947 1226 4015 imperialium
1263 3948 1338 4001 de
1381 3948 1601 4001 salariis
1645 3949 1828 4002 cuius-

193 4024 322 4079 libet
354 4042 590 4089 eorum,
629 4032 938 4077 teneantur
977 4033 1037 4077 et
1071 4024 1326 4079 debeant
1371 4024 1696 4079 executioni
1734 4025 1830 4078 de-

197 4101 468 4157 mandare
513 4110 574 4155 et
623 4101 890 4155 mondari
938 4100 1142 4155 facere.
1182 4102 1256 4155 Et
1299 4103 1410 4155 hoc
1445 4110 1722 4156 statutum
1757 4103 1830 4155 sit

196 4185 454 4231 truncum
495 4186 558 4231 et
591 4177 918 4245 praecisum
955 4176 1014 4229 in
1052 4178 1311 4244 qualibet
1345 4188 1506 4244 parte
1543 4179 1629 4231 sui
1665 4188 1724 4231 et
1749 4179 1830 4232 ul-

194 4253 389 4309 timum
409 4263 472 4308 et
491 4254 930 4320 derogatorium
957 4253 1234 4307 omnibus
1257 4254 1380 4307 aliis
1405 4254 1646 4313 statutis,
1669 4254 1829 4306 salvo

197 4332 346 4396 quod
399 4348 526 4385 non
579 4329 939 4397 praeiudicet
981 4330 1199 4384 salariis
1239 4328 1610 4383 dominorum
1662 4338 1832 4396 pote-

197 4408 347 4462 statis
382 4417 444 4463 et
479 4407 769 4474 capitanei
803 4407 1217 4474 praesentium.

971 4595 1057 4658 46.

205 4725 360 4790 Quod
405 4730 661 4795 poteslas
717 4732 776 4781 et
827 4728 1152 4795 capitaneus
1209 4744 1320 4780 non
1368 4727 1596 4794 possint
1645 4744 1831 4781 secum

260 4805 468 4857 ducere
511 4804 758 4871 aliquem
807 4805 1048 4857 iudicem
1086 4804 1300 4857 socium
1353 4808 1445 4857 vel
1461 4804 1832 4871 familiarem

259 4881 356 4947 qui
387 4897 506 4934 non
537 4880 618 4933 sit
648 4880 718 4933 de
748 4898 854 4934 sua
891 4882 1117 4933 civitate
1155 4882 1252 4934 vel
1277 4881 1524 4947 aliquem
1557 4880 1832 4935 bandeza-

261 4960 378 5009 tum
413 4960 512 5011 vel
540 4956 908 5023 confinalum.

265 5094 410 5147 Item
446 5094 662 5147 eodem
699 5092 1008 5147 millesimo
1043 5091 1356 5147 indictione
1392 5102 1451 5147 et
1487 5110 1688 5148 mense
1713 5102 1833 5149 sta-

203 5178 382 5223 tutum
419 5180 482 5223 et
515 5169 850 5223 ordinatum
886 5177 994 5233 est,
1031 5168 1193 5236 quod
1229 5179 1546 5237 potestates
1581 5180 1638 5225 et
1674 5172 1834 5237 capi-

205 5248 346 5299 tanei
381 5246 487 5314 qui
523 5262 630 5313 pro
663 5246 1030 5313 temporibus
1067 5255 1236 5299 crunt
1271 5255 1330 5301 et
1364 5248 1598 5302 venient
1633 5248 1705 5301 ad
1749 5264 1833 5301 re-

205 5322 412 5387 gimina
439 5322 688 5376 civitatis
711 5322 1037 5377 Cremonae
1061 5338 1178 5375 non
1205 5323 1428 5389 possint
1451 5339 1559 5377 nec
1583 5323 1835 5377 debeant

207 5397 391 5465 aliquo
427 5398 610 5452 modo
654 5412 854 5453 secum
897 5399 1111 5452 ducere
1159 5398 1414 5467 aliquem
1450 5399 1700 5454 iudicem
1735 5416 1836 5454 so·-

205 5474 350 5529 cium
381 5491 490 5529 seu
524 5475 787 5543 aliquem
821 5474 1002 5529 alium
1043 5474 1118 5529 de
1157 5476 1374 5530 familia
1413 5493 1540 5541 sua,
1578 5478 1678 5545 qui
1712 5493 1834 5531 non

2688 1076 2777 1127 47·

1909 1213 2003 1265 De
2038 1211 2379 1279 sapientibus
2411 1214 2685 1280 eligendis
2708 1221 2826 1281 pro
2860 1216 3113 1269 custodia
3153 1218 3540 1273 examinanda

2372 1289 2691 1357 burgorum
2726 1295 2784 1345 el
2813 1292 3077 1345 civitalzssr.

1981 1442 2357 1497 Desideratur
2406 1454 2683 1499 statutum
2722 1445 2859 1513 quia
2912 1447 3227 1514 bibliopola
3271 1449 3327 1501 in
3365 1466 3539 1517 quem

1914 1518 2193 1573 inciderat
2226 1520 2443 1575 incidit.

2680 1726 2767 1787 48.

2508 1876 2601 1927 De
2634 1878 2947 1929 contractu.

1985 2026 2133 2077 Item
2161 2025 2371 2079 eodem
2397 2026 2703 2081 millesimo
2728 2028 3041 2083 indictione
3066 2040 3125 2085 et
3150 2048 3369 2086 mense.
3388 2035 3545 2100 Quo-

1919 2102 2071 2154 niam
2116 2103 2336 2168 premia
2372 2103 2545 2155 tribui
2584 2106 2937 2159 merentibus
2975 2108 3245 2161 convenit
3278 2118 3337 2164 et
3372 2118 3434 2163 ut
3468 2110 3541 2165 ad

1917 2177 2395 2232 benefaciendum
2443 2179 2662 2232 bonum
2700 2182 3033 2250 exemplum
3068 2184 3195 2238 aliis
3240 2186 3542 2240 tribuatur.

1917 2254 2064 2308 Cum
2104 2256 2265 2308 multi
2300 2264 2359 2309 et
2395 2256 2561 2311 multi
2598 2256 2735 2311 boni
2778 2259 3044 2313 homines
3070 2299 3083 2323 ‚
3132 2270 3251 2315 tam
3298 2263 3541 2327 nobileS,

1915 2347 2093 2399 quam
2130 2332 2456 2399 populares,
2494 2340 2757 2401 tempore
2784 2351 2903 2402 quo
2938 2336 3194 2403 perfidus
3231 2347 3288 2392 et
3314 2340 3546 2407 iniquus

1915 2408 2188 2461 dominus
2226 2409 2509 2475 Mapheus
2547 2410 2905 2473 Vicecome5‚
2932 2421 3065 2466 ante
3092 2414 3407 2469 adventum
3446 2416 3547 2469 ini-

1916 2484 2179 2552 quissimi
2218 2486 2613 2540 Romanorum
2656 2486 2807 2553 regis
2844 2487 3032 2543 dictus
3077 2490 3389 2557 imperator
3411 2533 3425 2557 ,
3463 2494 3548 2547 ci—

1914 2561 2153 2614 vitatem
2168 2568 2227 2615 et
2246 2562 2581 2615 comitatum
2603 2562 2915 2617 Mediolani
2934 2568 3231 2632 regnabat,
3248 2568 3304 2621 in
3324 2570 3548 2635 magnis

1917 2636 2353 2691 necessitatibus
2404 2648 2542 2692 tunc
2594 2641 2890 2694 communi
2937 2651 2994 2696 et
3050 2644 3248 2710 populi
3290 2654 3347 2698 et
3399 2647 3543 2712 parti

1916 2715 2193 2767 ecclesiae
2229 2714 2551 2768 Cremonae
2590 2716 2825 2769 Laudae
2860 2726 2919 2771 et
2955 2727 3139 2773 terrae
3176 2722 3417 2775 Cremae
3446 2723 3548 2775 do-

1918 2791 2137 2845 minare
2172 2791 2405 2844 volebat
2426 2830 2438 2853 ,
2478 2792 2535 2845 in
2572 2792 2768 2847 multis
2804 2804 2862 2847 et
2896 2812 3073 2863 quam
3110 2796 3369 2861 pluribus
3404 2815 3547 2853 con-

1915 2868 2191 2921 tractibus
2226 2876 2283 2921 et
2318 2868 2559 2921 diversis
2594 2870 2952 2937 temporibus
3000 2873 3209 2927 multas
3245 2883 3303 2928 et
3338 2876 3547 2929 multas

1918 2945 2269 3011 quantitates
2317 2946 2596 3012 pecuniae
2631 2946 2707 2999 ad
2742 2956 2991 3013 quatuor
3025 2949 3293 3005 denarios
3334 2950 3547 3013 librae,

1918 3021 2087 3075 certis
2121 3022 2301 3088 pactis
2336 3030 2394 3075 et
2428 3022 2855 3077 conditionibus
2878 3026 2935 3079 in
2959 3026 3126 3079 dictis
3161 3029 3547 3082 contractibus

1920 3098 2166 3159 insertis,
2204 3113 2309 3165 pro
2344 3099 2682 3153 defensione
2705 3108 2762 3153 et
2799 3104 3231 3158 manutentione
3254 3104 3548 3159 civitatum

1921 3174 2341 3241 praedictarum
2386 3185 2445 3229 et
2478 3176 2797 3230 offensione
2832 3177 2967 3232 dicti
3014 3180 3086 3234 D.
3128 3180 3395 3247 Maphaei
3444 3182 3551 3235 Vi·-

1921 3251 2217 3305 cecomitis
2252 3261 2311 3305 et
2347 3268 2549 3305 eorum
2586 3254 2925 3320 sequacium
2962 3257 3351 3311 mutuaverint
3373 3298 3386 3321 ,
3435 3273 3553 3311 non

1921 3327 2183 3381 timendo
2227 3329 2387 3396 quod
2440 3329 2747 3395 perderent
2782 3331 2872 3385 vel
2908 3333 3149 3398 perdere
3191 3342 3429 3401 possent
3463 3335 3555 3388 di—

1923 3412 2045 3457 ctas
2080 3407 2351 3471 pecunias
2387 3416 2445 3459 et
2479 3406 2847 3473 quantitates,
2892 3425 3037 3476 quas
3073 3410 3308 3478 quidem
3352 3411 3399 3464 si
3435 3427 3555 3464 non

1926 3488 2285 3535 mutuassent
2309 3520 2321 3543 ,
2359 3482 2616 3535 civitates
2661 3484 2982 3538 Cremonae
3034 3485 3267 3540 Laudae
3302 3496 3361 3542 et
3405 3495 3556 3542 terra

1925 3558 2169 3611 Cremae
2205 3558 2262 3612 in
2286 3557 2737 3613 destructionem
2762 3570 2819 3613 et
2842 3562 2917 3615 ad
2954 3562 3372 3619 subiectionem
3397 3581 3558 3632 prae-

1926 3634 2061 3688 dicti
2118 3636 2191 3689 D.
2238 3636 2505 3701 Maphaei
2563 3637 2927 3692 Vicecomitis
2980 3649 3213 3707 propter
3266 3642 3555 3695 desectum

1927 3710 2226 3780 pecuniae,
2264 3713 2426 3781 quod
2460 3712 2628 3776 absit,
2668 3724 2935 3780 poterant
2968 3716 3259 3771 devenire.
3310 3718 3383 3771 Et
3422 3734 3555 3771 cum

1927 3799 2191 3856 tempore
2244 3791 2317 3843 D.
2356 3789 2622 3843 Oddonis
2668 3790 2741 3843 de
2796 3792 3013 3847 Canalli
3067 3793 3205 3847 olim
3260 3795 3558 3861 potestatis

1928 3868 2285 3929 Cremonae,
2325 3867 2459 3921 dicti
2515 3867 2827 3921 creditores
2880 3879 2940 3923 et
2990 3887 3167 3937 quam
3225 3871 3417 3938 plures
3462 3872 3557 3925 alii

1927 3942 2081 3995 cives
2114 3952 2171 3995 et
2208 3944 2587 3997 districtuales
2615 3953 2672 3997 et
2696 3954 2849 3999 certa
2873 3948 3205 4001 communia
3240 3957 3556 4003 castrorum

1928 4027 1985 4072 et
2019 4027 2300 4073 terrarum
2337 4023 2701 4087 episcopatus
2738 4024 3061 4077 Cremonae
3090 4041 3192 4091 per
3213 4025 3429 4079 dictum
3455 4023 3559 4079 do-

1931 4095 2149 4147 minum
2188 4094 2494 4149 oddonem
2534 4099 2607 4151 de
2644 4100 2863 4153 Canalli
2900 4109 3245 4166 potestatem
3268 4102 3557 4156 constricti

1929 4172 2153 4225 fuerant
2190 4173 2464 4226 reducere
2501 4175 2679 4229 dictos
2726 4192 2865 4231 suos
2908 4186 3235 4231 contractus
3258 4220 3271 4242 ‚
3320 4188 3378 4231 et
3426 4195 3557 4231 mu-

1927 4258 2091 4301 tuare
2126 4249 2312 4302 dictos
2348 4250 2614 4305 denarios
2651 4254 2725 4307 ad
2761 4254 2909 4307 duos
2944 4254 3213 4309 denarios
3247 4255 3424 4309 librae
3464 4272 3559 4309 oc-

1928 4326 2159 4379 casione
2212 4328 2562 4393 exgravandi
2610 4339 2668 4383 et
2714 4330 3065 4384 affrancandi
3118 4332 3343 4396 gabella
3394 4349 3559 4387 com-

1931 4402 2120 4455 munis
2156 4403 2498 4465 Cremonae,
2536 4406 2697 4472 quod
2732 4407 2780 4459 si
2816 4407 2953 4460 dicti
2989 4407 3303 4462 creditores
3324 4450 3337 4477 ,
3381 4410 3555 4471 civeS,

1929 4488 1988 4532 et
2021 4480 2173 4533 dicta
2209 4484 2541 4534 communia
2592 4493 2873 4537 terrarum
2930 4501 3045 4539 non
3100 4485 3365 4539 fecissent
3387 4525 3400 4549 ,
3454 4502 3561 4553 ga-

1930 4556 2081 4609 bella
2120 4557 2411 4623 praedicta
2446 4558 2503 4611 in
2542 4575 2753 4624 magno
2790 4558 3006 4614 damno
3057 4570 3114 4615 et
3162 4562 3416 4629 periculo
3450 4579 3561 4629 po-

1929 4640 2075 4685 terat
2117 4631 2426 4699 advenire,
2466 4635 2549 4689 sic
2582 4634 2743 4703 quod
2792 4652 3093 4704 nunquam
3130 4638 3283 4692 dicta
3333 4640 3561 4707 gabella

1929 4708 2081 4776 exigi
2136 4711 2435 4776 potuisset.
2494 4712 2567 4765 Et
2620 4712 2693 4765 ad
2745 4713 3018 4767 iniustum
3068 4723 3127 4769 et
3178 4715 3561 4781 incongruum

1930 4795 2083 4839 esset
2118 4787 2208 4840 ius
2242 4788 2453 4842 talibus
2478 4789 2766 4856 denegare
2791 4800 2849 4844 et
2884 4792 3105 4845 bonum
3130 4807 3234 4859 pro
3264 4793 3413 4845 malo
3436 4795 3563 4848 red-

1930 4862 2069 4916 dere
2093 4902 2105 4925 ,
2144 4873 2232 4917 set
2267 4866 2618 4920 conveniens
2666 4876 2820 4921 esset
2862 4868 3026 4934 quod
3070 4869 3288 4922 bonum
3325 4877 3383 4923 et
3417 4872 3563 4938 opti-

1931 4955 2092 4994 mum
2128 4941 2451 5006 praemium
2486 4942 2781 4999 reddetur.
2822 4944 3044 4998 Idcirco
3078 4953 3355 5000 statutum
3380 4955 3441 5001 et
3473 4963 3565 5001 or-

1931 5016 2193 5071 dinatum
2230 5026 2334 5081 est,
2374 5019 2535 5085 quod
2572 5036 2777 5074 omnes
2812 5030 3137 5077 contractus
3172 5022 3303 5076 sacti
3327 5032 3387 5076 et
3420 5024 3565 5078 cele-

1929 5092 2078 5147 brati
2114 5102 2373 5160 tempore
2410 5096 2649 5162 praefati
2685 5097 2905 5151 domini
2943 5098 3209 5152 Oddonis
3253 5099 3329 5152 de
3366 5101 3563 5153 Canali

1932 5171 2232 5236 potestatis
2264 5174 2635 5240 suprascripti
2676 5183 2735 5227 et
2782 5175 2857 5229 ab
2906 5175 3042 5229 inde
3086 5175 3225 5229 citra
3276 5177 3447 5243 positi
3490 5176 3566 5231 ad

1932 5245 2081 5301 duos
2117 5248 2387 5301 denarios
2421 5247 2601 5303 librae
2637 5252 2942 5305 occasione
2978 5262 3303 5306 contractus
3339 5254 3472 5307 salis
3508 5262 3566 5307 et

1931 5324 2276 5379 ceteriorum
2322 5326 2565 5379 aliorum
2614 5338 3013 5382 contractuum
3056 5330 3336 5383 sactorum
3373 5338 3432 5383 et
3466 5346 3567 5397 po-

1933 5400 2177 5455 sitorum
2213 5402 2287 5455 ad
2325 5401 2474 5457 duos
2510 5402 2778 5457 denarios
2812 5405 2993 5459 librae
3028 5406 3332 5459 occasione
3369 5422 3568 5475 exgra-

1933 5477 2108 5531 vandi
2144 5486 2207 5532 et
2238 5478 2591 5533 affrancandi
2628 5480 2841 5536 dictam
2888 5484 3175 5549 gabellam
3196 5524 3213 5548 ,
3246 5500 3352 5551 per
3398 5484 3567 5539 Ioan-
