4050 6109
534 272 614 337 70
1542 266 1813 319 comOE
1855 265 2376 320 DtPLOMATICO
2422 268 2879 323 CREMoNESE

526 534 679 589 nuS,
727 513 786 576 si
833 512 1336 575 Cremonenses
1403 512 1503 573 eis
1562 532 1703 574 non
1771 511 2151 575 exhibeant
2254 522 2351 597 58.
2398 552 2481 563 —-
2533 538 2721 591 1220,
2781 517 2925 581 iun.
2976 539 3074 596 29,
3146 520 3335 593 VIII,
3396 519 3735 583 Mutinae.
3782 522 3875 584 A.

527 606 800 689 copiam
830 608 1214 669 litterarum
1248 607 1502 687 quibus
1534 605 1870 667 decisioni
1903 626 2153 667 causae

431 750 440 757 .
532 702 712 764 inter
755 700 1162 763 Cremonam
1209 711 1278 762 et
1323 701 1648 763 abbatem
1694 700 1763 763 S.
1811 698 1993 761 Sixti
2040 702 2154 761 ad-

529 794 846 877 iungitur
867 795 1240 877 episcopus
1260 793 1648 856 Brixiensis
1677 795 1943 875 absque
1965 814 2159 874 prae·

533 889 754 951 sentia
798 890 996 951 cuius
1041 909 1252 951 causa
1295 889 1608 950 indecisa
1659 898 1784 961 est,
1833 887 1970 949 illis
2015 906 2154 948 non

533 983 971 1046 obstantibus
996 983 1064 1044 in
1083 982 1372 1065 negotio
1391 984 1546 1064 ipso
1572 982 1953 1043 secundum
1971 982 2155 1063 prio-

532 1096 684 1139 rum
714 1078 1099 1140 litterarum
1133 1076 1626 1139 continentiam
1659 1076 2061 1163 procedant.

535 1300 629 1361 53·
675 1320 756 1329 -
813 1288 990 1354 1218,
1035 1286 1200 1365 sept.
1252 1302 1348 1359 30,
1421 1280 1534 1345 VI.
1582 1280 1719 1363 Ap.

613 1419 932 1500 Epistola
971 1417 1265 1480 ministri
1313 1417 1380 1479 S.
1416 1415 1753 1498 Stephani
1799 1414 2157 1477 Bononiae

533 1512 622 1573 ad
680 1511 1338 1592 archipresbiterum
1399 1510 1468 1574 S.
1531 1507 1928 1572 Geminiani
2004 1508 2156 1570 Mu—

534 1605 718 1668 tinae
765 1614 858 1680 ut,
906 1626 998 1667 ex
1044 1605 1388 1667 sententia
1447 1624 1488 1665 a
1532 1624 1608 1665 se
1651 1605 1809 1674 lata,
1857 1602 2157 1666 Girardo

537 1697 912 1761 satisfaciat
967 1699 1022 1761 si
1069 1699 1159 1760 ab
1203 1698 1925 1760 excommunicatione
1977 1697 2155 1758 solvi

537 1793 702 1855 vult.

537 2018 630 2077 54.
681 2035 758 2043 —-
819 2018 996 2076 1219,
1040 1997 1230 2081 febr.
1295 2018 1392 2077 27,
1461 1996 1523 2059 d.
1568 1996 1918 2060 Laterani.
1984 1994 2156 2059 Dal-

618 2091 856 2165 l’Affe),
901 2092 1001 2153 St.
1048 2090 1125 2153 di
1171 2090 1536 2154 Guastalla
1581 2090 1635 2164 I,
1687 2095 1826 2169 361.

615 2228 920 2290 Litterae
957 2228 1250 2290 Honorii
1281 2228 1382 2289 III
1417 2230 1504 2289 ad
1542 2228 1976 2309 Hugolinum
2023 2228 2161 2308 epi-

538 2342 826 2402 scopum
871 2322 1318 2384 Hostiensem
1365 2332 1433 2383 et
1475 2322 1782 2402 legatum
1831 2322 2158 2401 apostoli-

535 2436 690 2477 cum
751 2415 1076 2496 quatinus
1142 2414 1726 2477 Cremonensibus
1793 2427 1860 2477 et
1922 2416 2157 2477 abbati

539 2511 608 2572 S.
657 2510 837 2571 Sixti
891 2510 1260 2571 terminum
1319 2506 1664 2589 praefigat
1726 2509 1815 2570 ad
1882 2528 2157 2589 compa-

537 2604 824 2665 rendum
871 2622 1102 2665 coram
1147 2600 1496 2683 pontifice.

541 2828 635 2889 55.
683 2847 762 2855 —
820 2829 995 2887 1219,
1067 2809 1218 2881 VII,
1266 2808 1325 2870 d.
1373 2808 1742 2871 Bononiae.
1789 2808 1880 2881 A,
1932 2828 2072 2885 215.

618 2946 925 3009 Litterae
978 2944 1256 3007 abbatis
1309 2944 1378 3007 S.
1426 2942 1764 3024 Stephani
1823 2945 1909 3005 ad
1965 2961 2159 3023 prae·

537 3040 842 3122 positum
912 3059 993 3101 ac
1059 3038 1439 3119 capitulum
1517 3038 1829 3099 Mutinae
1903 3036 2159 3117 quibus

540 3134 767 3196 denuo
805 3132 1176 3195 denunciat
1211 3132 1772 3212 Pandecampum
1811 3129 2157 3209 archipre-

538 3226 868 3288 sbiterum
930 3226 1608 3288 excommunicatum
1671 3235 1738 3287 et
1793 3225 1881 3286 ab
1928 3222 2159 3286 officio

541 3339 975 3401 suspensum.

622 3412 814 3476 Mad.
863 3436 920 3491 4.
967 3412 1060 3487 A,
1110 3418 1252 3475 216.

621 3507 773 3570 Hae
805 3506 1076 3569 litterae
1109 3506 1360 3569 dantur
1389 3507 1789 3587 praeposito
1823 3504 2160 3569 Mutinae.

539 3716 634 3791 56.
681 3750 764 3757 —
819 3730 994 3785 1220,
1043 3710 1217 3773 mad.
1274 3731 1366 3790 15,
1415 3710 1476 3773 d.
1527 3710 1821 3786 Vz'terbz‘z',
1867 3732 1926 3773 a.
1961 3734 2020 3791 4.
2066 3710 2159 3785 A,

633 3808 766 3884 187·
819 3824 960 3883 351,
1011 3826 1150 3884 354·

622 3940 826 4003 Bulla
869 3940 1164 4004 Honorii
1208 3938 1306 4004 III
1353 3942 1442 4004 ad
1486 3944 1810 4005 abbatem
1843 3942 1912 4004 S.
1945 3944 2163 4005 Bene-

539 4035 705 4097 dicti
752 4054 960 4115 supra
1003 4035 1270 4097 Padum
1315 4046 1383 4098 et
1427 4038 1728 4117 priorem
1776 4037 1862 4097 de
1892 4034 2163 4099 Colum—

541 4128 734 4191 bario
804 4139 872 4191 et
931 4127 1588 4209 archipresbiterum
1648 4129 1979 4202 Mutinae,
2029 4149 2167 4212 qua

542 4222 892 4284 Brixiensi
937 4222 1290 4303 episcop0‚
1323 4221 1635 4303 profecto
1668 4222 1737 4284 in
1775 4224 2163 4286 subsidium

541 4328 768 4378 terrae
813 4325 1113 4385 sanctae,
1161 4316 1499 4396 subrogat
1544 4317 1868 4378 abbatem
1915 4316 1985 4379 S.
2034 4317 2161 4379 Be-

541 4405 800 4471 nedicti
866 4406 1165 4471 iudicem
1233 4408 1303 4470 in
1371 4428 1578 4472 causa
1645 4410 1824 4472 inter
1893 4410 2164 4473 Cremo-

543 4520 793 4566 nenses
839 4512 909 4563 et
951 4501 1275 4564 abbatem
1321 4504 1390 4563 S.
1428 4501 1610 4565 Sixti
1657 4503 1743 4565 de
1786 4503 2161 4567 Placentia.

539 4721 635 4785 57.
706 4742 709 4746 -
751 4742 763 4749 -
818 4723 994 4779 1220,
1045 4702 1187 4766 iun.
1238 4724 1335 4777 20,
1407 4704 1598 4778 VIII,
1649 4705 2037 4771 Placentiae
2088 4707 2162 4771 in

626 4796 876 4860 maiori
913 4796 1202 4861 ecclesia.
1244 4799 1338 4874 A,
1389 4805 1508 4879 376
1555 4822 1589 4862 e
1636 4821 1776 4882 377.

621 4934 1044 5019 Exemplum
1099 4946 1170 5000 et
1213 4936 1681 5010 autenticatiO,
1740 4937 1932 5002 iussu
2001 4961 2161 5003 con-

540 5029 768 5092 sulum
811 5029 1116 5093 iustitiae
1159 5031 1557 5094 Placentiae
1611 5042 1680 5095 et
1723 5034 1812 5095 ad
1854 5036 2161 5115 postula-

539 5122 800 5186 tionem
823 5124 1232 5187 Monasterii
1262 5124 1332 5189 S.
1358 5124 1561 5197 Sixti,
1589 5126 1674 5187 de
1700 5126 2160 5191 instrumento

539 5216 932 5280 donationis
957 5216 1179 5281 factae
1201 5238 1329 5299 per
1352 5218 1775 5283 comitissam
1801 5221 2162 5286 Matildem

538 5310 898 5392 praedicto
949 5312 1368 5375 monasterio
1429 5313 1516 5375 de
1569 5322 1764 5376 curte
1818 5326 1888 5378 et
1933 5330 2161 5379 castro

539 5400 1053 5469 Wardestallae
1119 5407 1280 5469 sub·
1309 5426 1490 5469 anno
1546 5428 1722 5485 1102,
1771 5408 1910 5473 iun.
1959 5433 2016 5493 4,
2064 5411 2159 5474 X.

2350 631 2484 689 113,
2534 633 2650 691 242
2702 632 2737 673 e
2778 616 2919 675 aul.

2340 752 2891 833 PandecampuS,
2952 753 3492 835 archipresbiter
3546 755 3878 827 Mutinae,

2256 863 2597 908 consensu
2644 847 2919 909 abbatis
2965 846 3033 909 S.
3080 847 3441 910 Benedicti
3502 869 3711 930 supra
3756 849 3879 911 Pa-

2257 937 2419 1001 dum
2466 951 2534 1002 et
2578 939 2831 1019 prioris
2878 943 2963 1002 de
3008 940 3469 1015 ColumbariO,
3520 944 3881 1005 constituit

2256 1030 2649 1095 Guidonem
2711 1034 2797 1095 de
2864 1032 3234 1097 Camiliazo
3290 1055 3491 1098 suum
3550 1036 3881 1099 nuncium

2256 1127 2327 1187 in
2373 1126 2600 1188 dando
2645 1126 2912 1189 litteras
2963 1129 3290 1210 potestati
3345 1127 3730 1191 Cremonae
3791 1150 3882 1190 ex

2256 1230 2454 1300 parte
2485 1221 2795 1302 ipsorum
2827 1222 2895 1283 in
2929 1241 3140 1284 causa
3170 1223 3350 1285 inter
3378 1222 3885 1285 Cremonenses

2256 1322 2325 1375 et
2369 1312 2687 1375 abbatem
2735 1314 2803 1377 S.
2852 1314 3055 1378 Sixti.

2255 1535 2351 1596 59.
2398 1554 2478 1562 —
2534 1538 2709 1591 1220,
2758 1518 2875 1581 iul.
2932 1541 2983 1591 1,
3054 1520 3243 1591 l’JJJ,
3290 1520 3361 1583 in
3400 1519 3666 1603 palacio
3728 1520 3882 1584 Cre-

2342 1632 2595 1674 monae.
2642 1612 2733 1685 A,
2791 1634 2924 1691 114,
2976 1618 3081 1675 261
3141 1636 3176 1675 e
3218 1620 3359 1677 aut.

2341 1746 2573 1809 Guido
2619 1749 2705 1809 de
2742 1747 3116 1810 Camiliazo
3155 1751 3275 1810 dat
3319 1750 3581 1813 litteras
3626 1751 3883 1831 prioris

2258 1842 2344 1901 de
2408 1838 2869 1912 ColumbariO,
2940 1844 3212 1904 abbatis
3279 1844 3348 1905 S.
3394 1844 3761 1907 Benedicti
3818 1859 3881 1908 et

2258 1934 2819 2015 archipresbiteri
2854 1936 3281 2010 mutinensiS‚
3308 1937 3576 1999 Uberto
3608 1939 3697 2001 de
3726 1938 3884 2000 Par-

2258 2046 2369 2089 ma
2432 2028 2642 2089 iudici
2702 2029 3080 2110 potestatis
3144 2030 3557 2104 Cremonae,
3626 2032 3883 2113 quibus

2256 2121 2696 2202 praecipiunt
2742 2134 2816 2184 ut
2858 2132 3169 2202 potestas
3216 2125 3451 2186 veniat
3496 2125 3609 2186 vel
3658 2124 3884 2187 mittat

2258 2214 2601 2277 Mutinam
2660 2235 2891 2277 coram
2936 2216 3111 2298 ipsis
3168 2218 3255 2279 ad
3314 2216 3879 2281 satisfaciendum

2259 2309 2345 2370 de
2390 2309 2541 2371 iure
2582 2310 2653 2370 in
2699 2329 3109 2390 causacum
3156 2313 3409 2373 abbate
3455 2312 3525 2375 S.
3573 2311 3786 2374 Sixti.

2258 2498 2352 2555 60.
2402 2532 2482 2539 -—
2536 2515 2713 2568 1220,
2758 2516 2916 2579 aug.
2963 2521 3020 2575 4,
3094 2497 3282 2571 VIII,
3328 2497 3624 2561 Brixiae
3665 2498 3745 2561 in
3792 2519 3881 2560 ec-

2342 2586 2542 2651 clesia
2584 2590 2653 2651 S.
2696 2589 2991 2653 Mariae.
3036 2590 3129 2665 A,
3180 2612 3211 2653 2
3223 2612 3300 2670 39
3344 2613 3381 2655 e
3423 2597 3565 2655 aut.

2343 2718 2573 2782 Guido
2633 2723 2718 2783 de
2771 2721 3169 2786 Camiliacio
3212 2726 3332 2787 dat
3382 2726 3649 2788 litteras
3692 2738 3885 2808 pote-

2258 2814 2416 2876 stati
2462 2812 2840 2878 Cremonae
2900 2817 3153 2899 quibus
3214 2819 3407 2899 prior
3475 2820 3560 2881 de
3606 2818 3884 2883 Colum-

2258 2908 2481 2982 bario‚
2541 2910 2759 2971 abbas
2840 2908 2910 2971 S.
2970 2912 3331 2975 Benedicti
3400 2924 3468 2975 et
3530 2914 3883 2995 archipre-

2258 3002 2474 3064 sbiter
2516 3001 2827 3066 Mutinae
2874 3005 3122 3067 iterum
3168 3008 3606 3089 praecipiunt
3651 3010 3879 3071 eidem

2258 3106 2333 3156 ut
2364 3095 2597 3159 veniat
2631 3097 2743 3159 vel
2772 3098 3112 3161 Mutinam
3145 3099 3373 3163 mittat
3404 3112 3564 3182 post
3602 3121 3674 3180 15
3713 3102 3881 3164 dies,

2258 3303 2341 3361 61.
2389 3338 2471 3345 —
2525 3321 2701 3375 1220,
2748 3321 2904 3384 aug.
2954 3307 3009 3375 8,
3058 3302 3120 3365 d.
3165 3302 3357 3387 apud
3412 3302 3649 3368 Urbem
3698 3310 3867 3368 vete-

2344 3414 2504 3465 rem,
2553 3414 2614 3456 a.
2664 3414 2721 3474 5.
2768 3395 2907 3479 Ap.

2344 3530 2699 3594 Honorius
2723 3532 2823 3595 III
2852 3534 3194 3616 praecipit
3217 3532 3430 3617 priori
3470 3536 3539 3599 S.
3572 3536 3881 3600 Victoris

2260 3636 2328 3687 et
2360 3622 2428 3687 S.
2453 3624 2784 3689 Iohannis
2821 3628 2893 3689 in
2925 3641 3159 3691 monte
3190 3628 3615 3693 Bononiensi
3652 3640 3724 3693 et
3754 3651 3883 3694 ma-

2260 3720 2481 3799 gistro
2526 3720 2601 3782 P.
2647 3720 2996 3801 Paparoni
3042 3723 3376 3785 canonico
3436 3725 3880 3805 neapolitano

2261 3812 2588 3893 quatinus
2635 3834 2912 3876 causam
2956 3815 3137 3877 inter
3172 3815 3619 3880 Guilielmurn
3652 3816 3879 3881 Girar-

2262 3908 2424 3967 dum
2468 3925 2847 3988 pauperem
2901 3908 3268 3971 diaconum
3334 3921 3402 3973 et
3463 3911 3879 3973 Pandecam-

2259 4018 2424 4079 pum
2469 4001 2858 4065 terminent.

2260 4194 2353 4251 62.
2400 4225 2483 4235 -—
2537 4211 2721 4261 1220,
2782 4210 2938 4272 aug.
2990 4212 3086 4264 20,
3159 4191 3349 4266 VIII,
3398 4191 3740 4255 Asutinae.
3786 4194 3874 4262 A,

2348 4303 2457 4361 241
2512 4303 2547 4346 e
2590 4290 2730 4346 aut.

2344 4420 2592 4483 Abbas
2638 4422 2707 4483 S.
2764 4421 3151 4497 Benedicti,
3210 4424 3402 4503 prior
3460 4426 3547 4486 de
3608 4424 3873 4489 Colum-

2260 4512 2453 4575 bario
2499 4524 2568 4576 et
2612 4514 3149 4596 archipresbiter
3202 4516 3515 4581 Mutinae
3567 4530 3875 4583 statuunt

2258 4607 2627 4669 terminum
2671 4609 3214 4690 peremptorium
3260 4613 3594 4691 potestati
3654 4624 3723 4677 et
3767 4634 3873 4676 co-

2258 4699 2448 4761 muni
2479 4700 2860 4765 Cremonae
2892 4703 3133 4766 decem
3179 4704 3466 4779 dierum,
3505 4716 3869 4789 postquam

2257 4793 2529 4857 litterae
2574 4796 2931 4859 citatoriae
2976 4798 3115 4861 sint
3159 4800 3383 4861 datae.

2258 5002 2353 5076 63.
2412 5034 2495 5044 —
2563 5019 2752 5074 1220,
2816 5020 2974 5085 aug.
3014 5021 3113 5075 21,
3185 4998 3375 5079 VIII,
3421 5002 3735 5070 Parmae.
3779 5004 3867 5080 A,

2349 5113 2470 5172 240
2514 5113 2549 5155 e
2592 5098 2733 5157 aut.

2342 5228 2574 5293 Guido
2621 5230 2707 5294 de
2753 5230 3125 5297 Camiliazo
3175 5235 3230 5297 it
3285 5236 3370 5297 ad
3414 5236 3867 5321 porrigendas

2258 5320 2523 5387 litteras
2579 5326 2851 5389 abbatis
2910 5326 2981 5390 S.
3025 5326 3414 5404 Benedicti,
3482 5332 3733 5413 prioris
3787 5332 3867 5392 de

2259 5414 2697 5481 Columbario
2730 5432 2797 5483 et
2828 5418 3387 5503 archipresbiteri
3417 5424 3726 5488 Mutinae
3753 5444 3865 5507 po-
