4050 6109
532 299 650 344 100

519 552 719 622 parte
763 541 1076 624 episcopi
1113 541 1509 624 placentini,
1554 563 1693 624 qua
1723 542 1823 605 eis
1861 543 2143 605 mandat

519 646 596 699 ut
640 636 825 700 diem
860 637 1406 718 peremptorium
1438 646 1745 700 statuant
1777 636 2142 699 Communi

519 751 660 814 quo
706 731 940 794 veniat
983 733 1171 813 apud
1209 731 1636 796 Placentiam
1681 751 1809 812 pro
1855 729 2141 812 negotio

518 824 610 888 A.
657 825 1011 889 Salvatici.

519 1031 611 1091 77.
659 1049 741 1060 —
794 1033 972 1091 1231,
1021 1011 1196 1076 mad.
1245 1036 1303 1092 4,
1354 1013 1403 1074 I
1416 1013 1488 1085 V,
1546 1011 1927 1076 Cremonae.

600 1148 920 1212 Potestas
957 1141 1327 1213 ‘constituit
1358 1149 1689 1212 nuncium
1722 1149 1839 1231 qui
1879 1149 2138 1210 denun-

518 1243 654 1307 ciet
710 1243 800 1307 A.
859 1243 1215 1307 Salvatico
1283 1254 1360 1307 ut
1425 1243 1836 1306 Cremonam
1907 1242 2143 1305 veniat

517 1339 881 1400 auditurus
917 1339 1361 1413 sententiam;
1394 1351 1463 1400 et
1494 1338 1790 1400 nuncius
1819 1337 1992 1398 haec
2023 1337 2139 1398 de-

516 1432 791 1494 nuntiat
835 1452 872 1511 9
918 1431 1076 1494 mai.
1122 1433 1435 1502 Parmae,
1473 1442 1544 1493 et
1575 1432 1694 1493 dat
1748 1430 1813 1492 ei
1855 1429 2139 1510 plenam

517 1522 884 1587 fidanciam
929 1527 1139 1588 eundi
1187 1536 1256 1588 et
1303 1525 1658 1588 redeundi.

518 1718 611 1792 78.
662 1751 739 1759 —
794 1734 972 1792 1231,
1019 1712 1162 1776 iun.
1215 1734 1269 1786 2,
1313 1713 1448 1786 IV,
1507 1712 1889 1777 Cremonae.

597 1849 994 1932 Episcopus
1046 1850 1435 1932 parmensis
1491 1858 1558 1912 et
1601 1851 1819 1912 abbas
1863 1849 1919 1910 F
1925 1848 2137 1910 ontis-

516 1943 662 2007 vivi
691 1944 956 2007 iudices
1001 1944 1441 2025 praecipiunt
1485 1963 1612 2025 per
1648 1943 1911 2005 litteras
1941 1961 2136 2022 prae-

514 2039 745 2119 posito
791 2039 861 2102 S.
909 2038 1273 2101 Michaelis
1305 2039 1391 2100 de
1423 2037 1764 2100 Cremona
1810 2037 2136 2118 quatinus

515 2133 885 2213 compellat
949 2142 1367 2213 potestatem
1425 2143 1493 2194 et
1539 2131 2007 2214 quadraginta
2051 2133 2137 2194 de

515 2226 806 2288 consilio
851 2227 1111 2290 electos
1143 2227 1215 2290 in
1245 2226 1589 2308 principio
1620 2225 1982 2307 regiminis
2007 2226 2134 2299 sui,

515 2319 781 2383 scilicet
809 2321 928 2382 iul.
967 2341 1144 2399 1230,
1176 2322 1265 2383 ad
1299 2321 1734 2383 tractandum
1773 2319 2135 2400 negotium

513 2413 607 2476 A.
653 2413 1006 2488 Salvatici,
1044 2425 1122 2478 ut
1145 2414 1372 2477 iurent
1402 2416 1490 2476 de
1523 2413 1817 2476 veritate
1842 2413 2137 2475 dicenda

515 2527 748 2571 coram
771 2508 1040 2571 Uberto
1063 2510 1150 2572 de
1175 2508 1630 2590 Aldegheriis
1654 2507 1902 2581 iudice,
1926 2527 2133 2588 quem

513 2601 648 2683 ipsi
713 2601 1123 2665 Cremonam
1191 2603 1494 2665 mittunt.
1559 2639 1644 2648 —
1712 2601 2132 2664 Huiusmodi

509 2695 780 2758 litterae
826 2697 1077 2758 dantur
1122 2698 1211 2759 ab
1243 2696 1603 2779 Hugolino
1648 2695 1941 2768 notari0,
1990 2696 2131 2777 qui,

509 2799 864 2870 tamquam
910 2803 1322 2871 procurator
1355 2791 1448 2853 A.
1480 2788 1835 2863 Salvatici,
1882 2791 2131 2851 eodem

507 2882 621 2944 die
653 2903 728 2945 se
751 2893 1225 2965 repraesentat
1242 2903 1475 2946 coram
1497 2883 1852 2965 praedicto
1879 2883 2127 2945 iudice.

512 3108 604 3168 79.
651 3126 734 3136 -—-
787 3110 964 3168 1231,
1012 3087 1155 3152 iun.
1191 3111 1247 3168 3,
1276 3090 1411 3165 IV,
1449 3091 1831 3165 Cremonae,
1866 3089 1937 3152 in
1970 3110 2125 3174 qno-

596 3183 750 3246 dam
786 3182 1048 3268 pontz'le
1091 3183 1396 3269 episcopi.

588 3321 983 3403 Episcopus
1057 3319 1395 3384 certificat
1466 3322 1777 3403 Ugolino
1852 3323 2126 3385 notario

504 3415 696 3499 quod
745 3416 1184 3497 praepositus
1243 3415 1312 3479 S.
1359 3415 1722 3478 Michaelis
1786 3425 2126 3478 executus

503 3519 610 3572 est
653 3510 1056 3572 mandatum
1100 3529 1322 3571 suurn.

507 3720 605 3778 80.
652 3751 735 3761 —-
788 3736 965 3793 1231,
1058 3714 1145 3778 id.
1242 3716 1629 3779 Cremonae.

584 3852 675 3914 A.
753 3850 1165 3925 SalvaticuS,
1213 3851 1282 3913 in
1330 3852 1628 3932 epistola
1682 3872 1862 3933 quae
1922 3855 2125 3916 datur

498 3946 769 4009 Uberto
815 3947 902 4008 de
947 3944 1421 4027 Aldegheriis,
1467 3947 1645 4027 petit
1674 3956 1752 4008 ut
1787 3949 2124 4027 procedat

499 4041 568 4102 in
613 4060 825 4102 causa
869 4038 1140 4101 etiamsi
1185 4049 1496 4121 potestas
1541 4052 1611 4103 et
1656 4042 2125 4122 quadraginta

498 4131 870 4196 consiliarii
917 4133 1139 4196 nolint
1183 4143 1538 4214 praestare
1583 4133 2069 4197 iuramentum.

495 4343 579 4401 81.
625 4374 708 4384 —
763 4358 942 4416 1231,
989 4336 1134 4400 iun.
1191 4359 1281 4416 13,
1331 4340 1382 4402 I
1397 4340 1470 4410 V,
1517 4340 1834 4403 Parmae.

577 4478 973 4560 Episcopus
1018 4475 1406 4558 parmensis
1474 4488 1544 4539 et
1587 4479 1803 4540 abbas
1849 4480 2118 4544 Fontis-

498 4573 642 4634 vivi
691 4570 1136 4636 committunt
1181 4571 1372 4633 vices
1405 4591 1564 4633 suas
1596 4571 1666 4634 in
1698 4593 1910 4635 causa
1941 4574 2122 4636 inter

498 4665 840 4729 sindicum
887 4664 1270 4728 Cremonae
1315 4675 1384 4726 et
1422 4664 1852 4728 Salvaticum
1899 4669 2118 4730 archi-

500 4759 791 4822 diacono
836 4757 1210 4839 parmensi.

492 4953 588 5011 82.
633 4984 716 4994 —
770 4969 948 5026 1231,
995 4945 1116 5011 iul.
1165 4953 1222 5020 8,
1269 4947 1405 5023 IV,
1462 4948 1845 5013 Cremonae.

575 5085 970 5166 Episcopus
1015 5083 1400 5148 Cremonae
1443 5086 1690 5167 recipit
1745 5087 2115 5168 epistolam

491 5179 876 5258 parmensis
923 5179 1234 5260 episcopi
1269 5190 1336 5241 et
1380 5180 1652 5241 abbatis
1698 5179 2112 5254 Fontisvivi‚

492 5271 630 5352 qui,
665 5283 1122 5336 memorantes
1155 5273 1566 5335 sententiam
1597 5275 2112 5356 promulgatam

487 5366 558 5427 in
604 5385 815 5429 causa
857 5366 948 5430 A.
984 5366 1339 5439 Salvatici,
1377 5367 1814 5448 praecipiunt
1851 5369 1912 5430 ei
1948 5389 2111 5451 qua-

487 5460 674 5523 tinus
719 5460 1098 5524 Commune
1158 5471 1440 5523 moneat
1499 5471 1574 5523 ut
1619 5462 1710 5524 A.
1757 5462 2112 5525 Salvatico

1525 295 1794 346 CODICE
1839 295 2361 348 DIPLOMATICO
2406 298 2865 348 CREMONESE

2242 539 2623 604 satisfaciat
2666 561 2878 624 super
2944 541 3054 604 his
3120 541 3191 604 in
3243 541 3498 623 quibus
3543 542 3851 604 condem-

2240 645 2475 698 natum
2524 635 2670 698 fuit.

2238 829 2334 901 83.
2382 859 2462 868 —
2518 845 2695 902 1231,
2743 823 2862 887 iul.
2920 844 3011 904 15,
3060 823 3468 896 Placentiae,
3517 822 3589 886 in
3636 843 3853 886 mona-

2323 916 2526 980 sterio
2572 919 2642 982 S.
2688 916 2894 982 Secti.

2323 1055 2413 1118 A.
2462 1055 2855 1118 Salvaticus
2922 1057 3283 1120 constituit
3339 1067 3855 1137 procuratorem

2239 1149 2328 1210 ad
2372 1151 2864 1230 requirendum
2912 1169 2951 1212 a
2975 1151 3324 1213 communi
3355 1150 3737 1214 Cremonae
3768 1164 3857 1225 ut,

2239 1262 2329 1304 ex
2374 1244 2719 1306 sententia
2747 1243 3061 1325 episcopi
3082 1245 3467 1325 parmensis
3498 1255 3568 1307 et
3590 1247 3859 1308 abbatis

2236 1337 2293 1398 F
2296 1338 2648 1410 ontisvivi,
2681 1350 2966 1401 revocet
2996 1339 3225 1400 banna
3254 1349 3323 1400 et
3354 1337 3859 1420 publicationes

2237 1430 2579 1494 bonorum
2627 1441 2869 1494 contra
2914 1453 2989 1494 se
3034 1430 3271 1496 factas,

2236 1623 2330 1698 84.
2376 1656 2461 1666 —-
2514 1640 2667 1697 1232
2718 1622 2897 1700 (1231
2953 1618 3121 1700 ina),
3168 1618 3356 1704 febr.
3426 1643 3485 1700 4,
3578 1621 3652 1694 V,
3708 1621 3859 1684 Cre-

2321 1733 2575 1788 monae,
2622 1718 2782 1775 ante
2826 1712 3071 1776 ostium
3108 1712 3378 1797 palatii.

2320 1849 2625 1911 Litterae
2654 1849 2928 1911 abbatis
2966 1859 3036 1911 et
3066 1849 3319 1929 prioris
3353 1851 3440 1912 de
3485 1850 3861 1913 Castilione

2236 1950 2304 2003 et
2347 1943 2731 2023 praepositi
2796 1942 3185 2023 parmensis
3253 1943 3559 2006 iudicum
3624 1946 3715 2006 ad
3761 1967 3861 2007 as-

2236 2057 2545 2098 sessores
2590 2037 2959 2117 potestatis
3003 2036 3405 2110 Cremonae,
3439 2038 3697 2120 quibus
3732 2051 3859 2101 sta-

2234 2139 2438 2193 tuunt
2482 2131 2851 2192 terminum
2918 2129 3281 2193 Communi
3339 2142 3415 2193 ut
3462 2145 3862 2213 compareat

2235 2225 2420 2304 apud
2466 2225 2904 2306 Hospitalem
2950 2244 3162 2305 super
3192 2223 3564 2306 Onginam,
3614 2229 3863 2290 dantur

2235 2317 2353 2378 uni
2398 2337 2491 2380 ex
2550 2315 3039 2389 assessorib'uS,
3108 2319 3229 2399 qui
3286 2321 3619 2382 nuncium
3680 2323 3856 2384 vitu-

2232 2421 2451 2492 perat.

2231 2602 2326 2678 85.
2374 2635 2453 2643 -
2509 2619 2661 2677 1232
2712 2602 2892 2683 (1231
2948 2599 3317 2684 inc.),febr.
3358 2624 3450 2680 13,
3508 2605 3581 2674 V,
3618 2603 3693 2666 z'n
3726 2603 3859 2666 loco

2323 2691 2769 2756 Castellz'onzlv.

2313 2829 2669 2894 Presbiter
2731 2831 2984 2906 Bonus,
3052 2831 3363 2896 sindicus
3408 2834 3477 2897 S.
3524 2834 3739 2908 Sixti,
3788 2857 3859 2896 se

2230 2936 2705 3003 repraesentat
2778 2945 3012 2988 coram
3086 2926 3339 2990 abbate
3414 2927 3859 2992 Castellionis

2227 3015 2477 3080 iudice.

2226 3196 2320 3256 86.
2367 3226 2448 3235 —
2504 3210 2657 3267 1232
2706 3193 2887 3272 (1231
2944 3191 3114 3272 ina),
3190 3191 3279 3254 id.
3356 3193 3442 3256 id.

2308 3330 2633 3402 Litterae,
2681 3329 2934 3411 quibus
2979 3331 3420 3411 praepositus
3464 3332 3857 3414 parmensis

2226 3422 2593 3487 committit
2661 3424 2851 3485 vices
2898 3444 3060 3486 suas
3106 3425 3339 3487 abbati
3387 3436 3455 3487 et
3502 3425 3725 3507 priori
3774 3429 3857 3488 dc

2225 3516 2664 3580 Castellione.

2306 3612 2610 3675 Litterae
2656 3611 2910 3694 quibus
2953 3611 3146 3694 prior
3190 3613 3277 3676 de
3305 3613 3705 3677 Marcharia
3742 3617 3853 3678 de-

2224 3706 2417 3786 legat
2462 3707 2652 3768 vices
2698 3726 2861 3768 suas
2906 3707 3143 3768 abbati
3190 3707 3276 3768 de
3319 3706 3763 3770 Castellione.

2306 3799 2726 3862 Huiusmodi
2802 3799 3075 3863 litterae
3156 3793 3411 3863 dantur
3474 3821 3515 3862 a
3581 3803 3854 3864 sindico

2223 3893 2293 3956 S.
2331 3893 2515 3956 Sixti
2543 3894 2903 3974 praedicto
2936 3895 3192 3966 abbati,
3228 3893 3345 3976 qui
3378 3905 3543 3957 tunc
3576 3907 3855 3958 recusat

2221 3988 2603 4068 procedere
2648 3986 2717 4049 in
2764 4008 2975 4050 causa
3006 3998 3074 4051 et
3114 3988 3213 4050 ire
3251 3990 3437 4069 apud
3482 3989 3855 4069 Hospitale

2222 4100 2432 4161 super
2476 4079 2863 4161 Onginam;
2925 4102 3141 4164 quare
3188 4082 3497 4144 sindicus
3541 4084 3852 4164 appellat

2222 4175 2310 4236 ad
2353 4173 2775 4254 pontificem.

2220 4350 2314 4423 87.
2362 4381 2443 4390 —
2499 4365 2675 4422 1232,
2721 4349 2885 4428 sept.
2944 4367 3035 4426 17,
3106 4347 3178 4418 V,
3226 4347 3543 4410 Parmae.

2304 4483 2608 4544 Litterae
2676 4483 2947 4544 abbatis
2994 4481 3433 4547 Castellionis
3480 4497 3549 4548 et
3592 4489 3849 4567 prioris

2222 4577 2306 4637 de
2333 4577 2743 4649 Marcharia,
2776 4577 3030 4657 quibus
3062 4580 3464 4660 praeposito
3495 4583 3848 4660 parmensi

2220 4670 2547 4751 delegant
2616 4669 2806 4732 vices
2851 4692 3032 4745 suas·‚
3082 4672 3333 4735 dantur
3376 4675 3599 4736 eidem
3651 4697 3845 4756 prae-

2218 4764 2471 4842 posito,

2215 4954 2310 5014 88.
2358 4988 2439 4995 —
2494 4971 2671 5030 1232,
2718 4955 2882 5035 sept.
2935 4973 3033 5030 24,
3106 4955 3216 5027 VJ,
3274 4955 3657 5020 Cremonae.

2297 5088 2691 5169 Episcopus
2702 5088 3085 5153 Cremonae
3099 5093 3348 5173 recipit
3363 5093 3627 5158 litteras
3644 5115 3840 5176 prae-

2213 5182 2425 5262 positi
2470 5183 2855 5262 parmensis
2913 5184 3032 5266 qui
3079 5185 3141 5246 ei
3186 5189 3468 5250 mandat
3512 5191 3839 5271 quatinus

2212 5275 2495 5338 inducat
2540 5275 2920 5340 Commune
2964 5279 3055 5340 ad
3086 5279 3520 5344 amicabilem
3564 5303 3840 5364 compo-

2214 5368 2535 5432 sitionem
2603 5391 2760 5433 cum
2828 5374 3253 5435 monasterio
3320 5375 3391 5436 S.
3452 5375 3654 5449 Sixti,
3727 5377 3835 5438 vel

2212 5463 2379 5526 citet
2424 5465 2514 5526 ad
2559 5467 3099 5546 comparendum
3149 5471 3337 5549 apud
3386 5471 3721 5532 Parmam.
