4050 6109
1689 297 2005 349 VOLUME
2048 299 2097 348 1.

227 422 2245 454 Μ

3448 295 3577 354 449

221 553 328 605 Pag.
362 552 467 595 Lin.
499 553 604 596 Col.
1948 544 2065 596 Png.
2094 542 2197 586 Lin.
2229 542 2335 585 Col.

693 655 1022 723 telligantur
1045 655 1194 710 facta
1215 655 1344 708 solo
1366 654 1657 709 intellectu
1683 660 1742 708 et
1765 669 1850 708 ar-

692 742 866 796 bitrio
889 750 949 796 et
969 741 1270 795 voluntate
1287 740 1631 795 venerabilis
1652 741 1722 796 D.
1741 740 1849 793 Ar-

696 827 910 882 meline
939 826 1020 881 de
1051 825 1491 890 Consaloneriis,
1536 826 1646 879 Dei
1668 825 1850 892 gratia

697 911 1031 968 monasterii
1063 913 1126 966 S.
1167 911 1310 964 lulie
1345 911 1652 975 abbatisse,
1689 911 1849 964 salvo

695 1001 854 1066 prius
879 1001 934 1054 in
957 997 1232 1052 omnibus
1251 1005 1309 1051 et
1327 997 1569 1063 singulis
1587 997 1849 1050 omnium

697 1087 822 1140 iure
845 1093 905 1139 et
927 1083 1318 1138 iurisdictione
1334 1082 1595 1136 eiusdem
1613 1082 1850 1135 domine

694 1171 986 1226 abbatisse
1021 1177 1080 1223 et
1121 1169 1454 1222 monasterii
1497 1167 1557 1221 in
1596 1167 1849 1222 addendi

695 1264 755 1309 et
797 1251 1162 1308 diminuendi
1207 1250 1282 1307 ad
1335 1267 1506 1306 suum
1551 1252 1850 1306 arbitrium

2420 663 2524 714 per
2540 646 2873 700 abatissam.
2892 645 2955 700 Si
2974 645 3105 714 quis
3123 643 3321 700 fecerit
3339 643 3574 706 furtum,

2420 729 2755 786 omicidium
2774 731 2865 784 vel
2890 730 3259 795 maleficium,
3285 728 3580 783 abbatissa

2422 825 2615 884 potest
2648 816 2809 870 iilum
2834 816 3041 882 punire
3062 823 3123 869 et
3145 814 3577 882 condempnare

2424 903 2479 955 in
2504 918 2677 956 avere
2712 910 2770 955 et
2804 917 3072 968 persona.
3102 899 3390 954 Homines
3413 899 3579 954 Cico-

2424 987 2658 1054 gnariae
2680 995 2921 1053 possunt
2946 993 3171 1040 tantum
3196 985 3447 1039 vendere
3470 993 3580 1038 ter-

2424 1089 2534 1134 ras,
2572 1087 2718 1139 quas
2751 1079 2953 1125 tenent
2974 1089 3009 1124 a
3036 1070 3403 1140 monasteri0‚
3432 1069 3579 1124 inter

2420 1173 2483 1210 se
2517 1165 2577 1211 et
2612 1157 2944 1210 hominibus
2978 1156 3168 1209 dictae
3203 1164 3409 1209 terrae.

2662 1267 2907 1322 Zufredo
2942 1267 3017 1320 de
3052 1266 3293 1334 Sadeys,
3330 1265 3573 1320 notario,

693 1341 874 1394 semel
897 1349 958 1394 et
979 1339 1144 1408 plura
1167 1339 1242 1392 ad
1267 1355 1435 1392 suam
1469 1339 1846 1392 voluntatem.

2358 1411 2687 1465 Mantuanis
2721 1441 2789 1449 —
2824 1409 3269 1465 Mutinensibus

208 1447 314 1511 318
387 1461 458 1497 22
534 1459 556 1496 1
631 1459 869 1510 negram
906 1472 970 1480 —
1006 1456 1262 1508 vegram.
2260 1429 2283 1464 1

205 1554 310 1615 313
383 1552 450 1602 61
533 1566 554 1602 1
631 1550 716 1602 La
747 1549 880 1600 ηοω
905 1547 1104 1614 prim
1137 1545 1193 1598 5,-
1221 1547 1357 1600 deve
1379 1546 1712 1598 cancellare·
1949 1517 2049 1582 362
2126 1530 2185 1580 15
2258 1531 2281 1567 1
2354 1513 2645 1580 scriptoris
2682 1543 2749 1552 —-
2782 1511 3079 1580 scriptore.

207 1656 312 1719 318
387 1656 457 1717 63
529 1668 558 1704 2
631 1651 718 1704 La
753 1653 884 1702 nota
919 1651 1126 1716 quarta
1159 1647 1216 1701 si
1245 1648 1380 1702 deve
1412 1649 1745 1701 cancellare.
1949 1620 2053 1684 ³⁶9
2118 1631 2185 1682 45
2262 1634 2283 1670 ¹
2356 1615 2615 1670 tinctoris
2638 1646 2705 1654 “··
2728 1615 3058 1670 Τίῐὶθῒῡΐῑὸ-’

209 1757 314 1820 328
386 1757 462 1820 38
527 1769 558 1806 2
625 1753 750 1806 sive
781 1779 852 1790 ——
887 1752 1030 1806 sine.
1949 1722 2055 1786 378
2120 1735 2187 1786 32
2260 1736 2282 1772 1
2353 1717 2479 1772 Sine
2522 1748 2590 1756 —
2624 1717 2767 1772 Sive·

1949 1825 2051 1888 385
2120 1837 2185 1888 23
2258 1839 2281 1875 1
2354 1821 2655 1889 Aggiungi
2668 1841 2689 1874 .·
2752 1835 2902 1886 1292,
2962 1817 3059 1872 die
3108 1819 3307 1872 martis
3372 1825 3579 1872 octavo

209 1861 314 1923 348

213 2061 316 2112 353

393 1871 456 1922 15
527 1872 558 1909 2
629 1855 982 1922 piscatorum
1005 1852 1268 1906 eiusdem
1291 1851 1850 1919 loci—piscatorum

697 1941 1038 1994 Cremonae.

389 2061 462 2111 44
531 2061 560 2098 2
631 2043 962 2112 Agg-iungi:
1015 2039 1134 2094 Csr.
1189 2039 1430 2102 Grandi,
1483 2038 1851 2092 Descrizione

697 2127 851 2182 della
905 2125 1203 2210 Provincia
1250 2143 1284 2180 e
1332 2125 1564 2179 Diocesi
1614 2124 1672 2178 di
1718 2125 1854 2178 Cre-

701 2231 896 2277 mona,
937 2213 984 2276 1,
1021 2225 1140 2278 544.

215 2335 320 2387 359
395 2321 463 2372 26
537 2334 559 2370 1
631 2315 960 2384 Aggiungi:
1001 2329 1149 2379 1275,
1188 2313 1303 2367 iun.
1342 2303 1408 2378 2‘9
1431 2321 1489 2366 et
1512 2329 1598 2378 30,
1627 2311 1736 2374 ΙΙΙ,
1761 2312 1853 2365 Ci-

699 2401 1006 2468 cognariae
1054 2400 1111 2452 in
1160 2399 1390 2466 publica
1440 2397 1665 2451 vicinia.
1709 2399 1854 2451 Dal-

699 2487 1009 2555 l’opuscolo
1043 2485 1106 2538 di
1136 2486 1212 2539 A.
1261 2484 1508 2546 Parazzi,
1547 2483 1762 2537 Statuit·
1795 2483 1859 2538 di

705 2573 1044 2640 Cimgnnm,
1083 2587 1215 2638 pag.
1259 2573 1340 2624 28.

772 2667 1167 2719 iuramentum
1203 2663 1492 2718 fidelitatis
1515 2663 1853 2730 praestitum

705 2768 738 2804 a
773 2749 1106 2804 consulibus
1133 2757 1192 2802 et
1216 2747 1548 2803 hominibus
1569 2747 1856 2815 Cigogna—

702 2837 839 2900 riae,
877 2851 1071 2889 coram
1112 2833 1412 2888 Armelina
1454 2833 1528 2886 de
1567 2834 1854 2887 Consano-

701 2921 874 2976 neriis
925 2920 1216 2974 abbatissa
1265 2928 1324 2974 et
1373 2927 1625 2986 quatuor
1657 2935 1856 2972 mona-

707 3007 885 3062 cabus
921 3005 1256 3060 monasterii
1288 3006 1350 3059 S.
1391 3004 1570 3058 Iuliae
1614 3004 1852 3066 Brixiae,

703 3101 764 3148 et
798 3093 1185 3146 iuramentum
1221 3089 1569 3144 observandi
1605 3090 1856 3144 honores

703 3177 1036 3232 monasterii
1081 3184 1141 3230 et
1185 3175 1544 3230 conditiones
1591 3189 1738 3242 quas
1777 3183 1856 3228 te-

703 3269 913 3317 nentur
957 3261 1162 3323 sacere,
1207 3260 1458 3314 scilieet:
1508 3259 1646 3313 dare
1689 3275 1856 3326 guar-

703 3348 860 3402 diam
930 3347 1256 3402 abbatissae
1312 3353 1372 3400 et
1425 3344 1852 3409 consororibus,

703 3435 921 3494 fenum,
975 3432 1132 3498 ligna
1184 3440 1244 3485 et
1293 3431 1474 3485 lectos
1531 3429 1740 3484 iisdem
1799 3439 1856 3484 et

704 3533 902 3572 earum
947 3516 1190 3578 nunciis,
1237 3516 1427 3569 facere
1471 3532 1679 3582 operas
1721 3531 1854 3569 cum

704 3603 892 3656 bobus
926 3611 985 3656 et
1017 3600 1287 3670 plaustris
1321 3609 1382 3655 et
1417 3601 1683 3656 manibus
1713 3617 1856 3668 quo-

705 3687 853 3742 tie‘ns
890 3686 1147 3754 requisiti
1181 3687 1410 3751 fuerint,
1448 3687 1672 3740 solvere
1712 3703 1857 3754 quo-

703 3773 845 3828 libet
877 3774 1056 3827 altero
1091 3788 1245 3826 anno
1281 3780 1398 3826 tres
1431 3771 1538 3826 sol.
1578 3772 1713 3839 imp.
1750 3788 1856 3838 pro

705 3860 842 3914 data
883 3859 959 3912 de
1005 3857 1264 3925 qualibet
1298 3857 1527 3911 bibulca
1561 3865 1748 3910 terrae
1782 3857 1858 3910 de

702 3953 891 4006 sorte;
930 3959 1038 4010 pro
1074 3942 1381 4009 praedictis
1415 3942 1604 4008 lignis,
1642 3943 1776 3996 feno
1800 3950 1859 3996 et

705 4029 886 4092 lectiS,
907 4028 1180 4094 operibus
1197 4038 1255 4082 et
1273 4027 1424 4088 data,
1445 4028 1858 4082 monasterium

706 4115 879 4169 debet
910 4115 1198 4168 dimittere
1224 4113 1558 4167 hominibus
1581 4115 1859 4180 Cicogna-

709 4201 826 4255 riae
877 4210 1102 4268 septem
1156 4200 1382 4254 tabulas
1444 4209 1502 4253 et
1558 4199 1858 4253 dimidiam

701 4296 886 4343 terrae
921 4288 996 4340 de
1033 4285 1291 4354 qualibet
1326 4283 1574 4346 bibulca,
1622 4284 1697 4337 de
1732 4285 1860 4352 qui-

708 4374 815 4428 bus
861 4372 1000 4426 nihil
1049 4372 1227 4425 debet
1279 4371 1523 4435 habere3
1571 4369 1862 4426 abbatissa

705 4458 882 4512 habet
915 4473 1140 4510 merum
1177 4465 1236 4510 et
1271 4456 1516 4511 mixtum
1552 4456 1861 4523 imperium

705 4551 764 4598 et
801 4542 1272 4604 iurisdictionem,
1321 4551 1381 4596 et
1425 4543 1622 4597 omnia
1669 4543 1863 4598 banna

707 4638 766 4684 et
801 4627 1380 4694 condempnationes‚
1419 4628 1578 4682 salvo
1615 4629 1774 4696 quod
1815 4613 1863 4682 si

707 4723 952 4783 poneret
997 4721 1366 4781 potestatem,
1404 4715 1504 4782 qui
1546 4714 1722 4768 debet
1765 4715 1862 4768 ha—

703 4803 844 4854 bere
893 4800 1270 4854 medietatem
1321 4809 1380 4854 et
1425 4800 1599 4854 aliam
1645 4801 1861 4856 medie-

702 4895 886 4941 tatem
929 4885 1239 4939 abbatissa.
1287 4887 1478 4940 Nemo
1517 4885 1594 4939 de
1631 4887 1858 4954 BelotiS‚

705 4987 812 5026 nec
849 4971 1056 5038 aliquis
1079 4971 1244 5034 aliuS,
1270 4971 1368 5039 qui
1401 4987 1520 5024 non
1545 4971 1619 5026 sit
1638 4972 1860 5025 vicinus

710 5056 1112 5124 Cigognariae,
1168 5066 1357 5123 potest
1399 5057 1586 5110 facere
1621 5055 1856 5125 aliquod

704 5144 1029 5210 acquistum
1050 5143 1107 5196 in
1129 5149 1286 5194 curte
1308 5141 1706 5210 Cigognariae,
1733 5143 1858 5197 sine

707 5227 935 5282 licentia
965 5226 1316 5281 monasterii.
1347 5227 1676 5290 Potestaria,
1710 5245 1858 5283 mas-

707 5314 984 5368 saraticus
1003 5353 1018 5377 ,
1067 5314 1399 5367 consulatus
1439 5321 1498 5366 et
1537 5313 1734 5368 omnia
1775 5315 1856 5368 of-

705 5399 833 5454 ficia
883 5406 941 5453 et
986 5399 1238 5453 honores
1271 5399 1624 5465 pertinentes
1660 5414 1858 5452 mona-

707 5484 978 5550 nasteriO,
1005 5483 1222 5538 debent
1241 5492 1468 5540 tantum
1491 5483 1630 5554 poni
1648 5491 1706 5538 et
1722 5481 1856 5549 eligi

2422 1913 2672 1960 exeunte
2720 1920 2920 1958 mense
2966 1903 3107 1958 iunii
3151 1901 3289 1972 (ciob
3334 1919 3397 1969 23
3413 1921 3438 1964 ,·
3484 1920 3579 1956 ma

2425 1992 2583 2045 assai
2592 1989 3039 2058 probabilmenle
3060 1989 3195 2043 deve
3221 1988 3471 2056 leggersi
3494 2003 3581 2041 se-

2424 2075 2609 2144 ptimo
2637 2083 2889 2130 exeunte
2914 2089 3115 2128 mense
3142 2073 3303 2136 iunii,
3340 2071 3458 2128 cio&
3493 2089 3579 2139 24,

2414 2155 2631 2225 perch&
2686 2156 2737 2209 il
2788 2171 2855 2221 24
2904 2155 3123 2223 giugmo
3178 2171 3285 2208 era
3336 2156 3581 2222 appunto

2418 2244 2633 2310 giorno
2684 2242 2748 2294 di
2796 2241 3083 2308 martedi),
3122 2240 3197 2302 V,
3234 2240 3579 2294 Cremonae.

2428 2325 2877 2381 Dall'Arcln‘vio
2942 2324 3159 2378 3ίονίεο
3227 2323 3550 2378 Lombardo
3566 2363 3579 2386 ‚

2424 2429 2494 2478 3ο
2528 2419 2656 2466 sett.
2690 2413 2837 2478 1896,
2869 2411 2945 2464 G.
2974 2413 3257 2474 Romano,
3298 2410 3385 2462 Un
3418 2410 3583 2462 docu-

2424 2501 2609 2551 mento
2666 2512 2987 2550 cremonese
3043 2495 3285 2550 relativo
3335 2495 3437 2547 all'
3452 2495 3583 2548 Uni-

2428 2583 2670 2638 versitas
2706 2582 3092 2635 Scholarium.

2496 2669 2563 2721 In
2610 2667 2852 2721 consilio
2896 2665 3150 2734 generali
3198 2663 3583 2719 universitatis

2425 2753 2731 2808 scolarium
2778 2754 3103 2806 Cremonae
3146 2750 3206 2804 in
3253 2751 3376 2804 iure
3410 2750 3581 2814 civili,

2426 2844 2780 2906 congregato
2824 2838 2885 2890 in
2932 2836 3103 2890 scolis
3146 2835 3326 2901 ipsius
3360 2836 3585 2889 univer-

2429 2923 2629 2986 sitatiS,
2668 2923 2993 2990 praesentia
3026 2920 3312 2975 Andriolli
3352 2919 3427 2974 de
3466 2923 3585 2976 Nu-

2428 3009 2581 3077 ptiis,
2628 3007 2920 3062 Hunberti
2968 3007 3044 3060 de
3086 3005 3292 3072 Capite
3339 3007 3584 3073 ponetis,

2428 3093 2779 3149 Baldesarini
2840 3093 2915 3146 de
2974 3091 3264 3155 Gadesco,
3318 3093 3580 3146 testium:

2426 3180 2722 3234 Ottolinus
2734 3179 2809 3232 de
2827 3176 3143 3232 Moscardis
3162 3185 3221 3230 et
3240 3177 3585 3232 Pereivallus

2428 3264 2503 3319 de
2538 3263 2863 3318 Percivallis
2891 3263 2965 3316 de
2992 3263 3294 3328 Pergamo,
3333 3271 3585 3317 rectores

2427 3350 2615 3404 dictae
2647 3348 3054 3412 universitatis,
3090 3356 3151 3402 et
3184 3348 3435 3402 scolares
3470 3365 3588 3403 una

2427 3451 2563 3489 cum
2610 3435 2712 3494 eis,
2764 3433 3105 3488 confitentes
3158 3449 3221 3485 se
3268 3449 3395 3486 esse
3438 3433 3585 3486 duas

2425 3529 2617 3588 partes
2640 3519 2829 3573 dictae
2854 3516 3258 3582 universitatiS,
3286 3519 3589 3584 elegerunt

2428 3605 2489 3660 in
2522 3623 2694 3660 suum
2732 3605 3034 3659 dominum
3070 3611 3129 3658 et
3163 3603 3461 3658 doctorem
3508 3605 3587 3657 le-

2426 3707 2569 3757 gum
2604 3707 2707 3758 pro
2742 3707 2897 3744 anno
2920 3697 3166 3744 venturo
3189 3690 3324 3744 nob.
3360 3697 3421 3742 et
3454 3705 3587 3756 pru-

2428 3776 2833 3830 dentissimum
2890 3775 3079 3830 virum
3138 3774 3445 3828 Nicolaum
3511 3772 3585 3827 de

2432 3865 2762 3929 Matarellis‚
2802 3862 3348 3919 excellentissimum
3392 3859 3587 3916 docto-

2428 3967 2551 4004 rem
2600 3951 2798 4017 legum
2844 3967 2875 4002 ‹
2918 3947 2994 4002 ad
3042 3947 3357 4015 legendum
3409 3947 3587 4000 libros

2429 4032 2643 4085 codicis
2678 4039 2737 4084 et
2772 4029 3045 4084 autentici
3081 4029 3172 4082 vel
3206 4028 3380 4082 trium
3415 4027 3589 4080 libro-

2428 4133 2558 4171 rum
2576 4115 2793 4170 codicis
2812 4115 2978 4170 dictis
2997 4113 3313 4168 scolaribus
3336 4113 3393 4165 in
3418 4112 3587 4166 scolis

2430 4205 2687 4272 ipsorum
2725 4205 3031 4270 Cremone,
3055 4201 3349 4264 continue,
3376 4210 3440 4255 ut
3466 4217 3589 4255 mo-

2434 4291 2511 4343 ris
2546 4297 2652 4352 est,
2688 4297 2748 4343 et
2780 4304 2898 4341 non
2938 4303 3042 4355 per
3073 4287 3350 4349 sartiram,
3388 4303 3491 4352 per
3524 4302 3587 4339 se

2433 4383 2493 4430 et
2540 4391 2655 4428 non
2706 4391 2809 4441 per
2854 4371 3221 4426 substitutam
3254 4387 3585 4438 personam,

2434 4476 2565 4515 cum
2598 4468 2835 4527 aparatu
2872 4457 3121 4520 Acursii,
3158 4465 3331 4523 prout
3363 4456 3473 4510 sibi
3508 4457 3589 4510 vi-

2430 4546 2660 4600 debitur
2718 4545 2932 4599 utillius
2990 4543 3115 4596 sive
3158 4541 3495 4602 scolaribus,
3554 4559 3587 4595 a

2432 4631 2579 4685 festo
2631 4631 2811 4685 sancti
2866 4627 3183 4682 Michaellis
3233 4628 3479 4694 proximi
3529 4629 3586 4680 in

2430 4725 2599 4770 antea
2633 4732 2820 4784 usque
2854 4714 2928 4768 ad
2967 4713 3123 4768 aliud
3159 4713 3370 4768 festum
3405 4714 3589 4768 sancti

2436 4800 2753 4856 Michaellis
2779 4799 3041 4868 proxime
3064 4799 3361 4866 sequentis
3382 4817 3431 4863 »,
3460 4815 3591 4866 pro-

2434 4888 2727 4942 mittentes
2770 4886 3043 4940 salarium
3096 4902 3193 4951 130
3242 4885 3369 4939 libr.
3421 4883 3585 4952 imp„

2431 4973 2647 5028 scilicet
2682 4975 2750 5025 80
2784 4971 2911 5024 libr.
2951 4969 3173 5024 dandas
3207 4987 3242 5024 a
3277 4970 3590 5024 scolaribus

2427 5067 2485 5111 et
2541 5073 2611 5123 50
2657 5074 2693 5110 a
2738 5055 2973 5110 comuni
3020 5055 3363 5117 Cremonae,
3414 5063 3589 5122 prout

2426 5144 2753 5197 continetur
2802 5142 2861 5195 in
2912 5148 3128 5195 statuto
3170 5139 3390 5207 populi,
3438 5156 3590 5208 quae

2427 5228 2643 5282 debent
2698 5227 2842 5281 solvi
2904 5225 3184 5280 medietas
3242 5223 3319 5278 ad
3377 5226 3588 5278 festum

2425 5313 2705 5367 Omnium
2740 5314 3082 5366 Sanctorum
3133 5320 3193 5366 et
3226 5310 3337 5364 alia
3374 5311 3591 5363 medie-

2430 5407 2518 5452 tas
2570 5397 2643 5450 ad
2700 5397 2911 5450 festum
2967 5397 3215 5450 Pascatis
3253 5413 3284 5448 ‹
3318 5403 3491 5462 prout
3529 5395 3588 5448 in

2429 5483 2612 5538 instru
2621 5490 2819 5538 mento
2832 5481 3161 5538 sindacatus
3174 5481 3438 5537 comunis
3454 5497 3589 5535 con-
