4050 6109
1064 304 1560 356 PROVVISIONI
1604 307 1860 356 DELLA
1904 307 2261 357 GABELLA
2307 309 2588 360 MAG-NA

155 554 306 626 rius,
334 553 748 621 restituatur
777 557 848 621 in
874 553 1105 620 officio
1135 551 1448 616 massarii
1471 551 1784 614 eiusdem

153 649 379 731 pontis
423 651 518 730 (v,
563 671 628 713 a.
683 671 866 730 1307,
912 671 1075 734 aug.
1124 651 1203 730 5).

151 843 383 996 2066-
423 845 586 919 1308
613 844 803 923 (1307
831 835 1217 923 ine.),febr.,
1249 834 1360 908 VI,
1398 835 1780 900 Cremonae.

287 981 304 1006 ,
361 937 504 996 182.

227 1067 607 1142 Statutum,
655 1070 1042 1132 secundum
1097 1066 1391 1129 formam
1455 1063 1784 1128 reforma-

149 1161 352 1224 tionis
399 1161 682 1225 consilii
725 1161 992 1245 populi,
1032 1159 1292 1223 factum
1330 1179 1372 1222 a
1399 1157 1784 1222 statutariis

147 1253 386 1316 electis
431 1255 508 1318 in
554 1256 806 1318 eodem
851 1253 1161 1326 consilio,
1208 1273 1338 1334 pro
1383 1251 1786 1315 venditione

151 1347 467 1410 facienda
509 1347 866 1412 Ghirardo
911 1349 1000 1410 de
1041 1347 1379 1419 Glosan0,
1433 1345 1784 1426 Philipino

143 1441 228 1502 de
269 1441 683 1522 PiperariiS,
731 1442 943 1506 Petro
1007 1442 1095 1503 de
1148 1439 1390 1503 Contis
1442 1449 1510 1500 et
1557 1437 1786 1502 Asino

146 1535 230 1596 de
271 1533 511 1598 Gadio
559 1544 629 1598 et
674 1534 888 1598 sociis
946 1535 1035 1597 de
1089 1532 1291 1596 dacio
1340 1553 1371 1595 2
1420 1532 1782 1595 unciarum

151 1628 284 1690 vini
331 1629 720 1692 cuiuslibet
763 1628 1054 1691 bozolae
1091 1628 1282 1708 quod
1313 1627 1654 1689 vendetur
1697 1625 1788 1687 ad

147 1721 494 1785 minutum
524 1721 598 1784 in
629 1721 918 1785 civitate
950 1731 1020 1784 et
1044 1720 1385 1793 districtu,
1410 1740 1452 1782 a
1480 1717 1786 1782 calendis

147 1814 384 1876 marcii
423 1815 777 1896 proximis
809 1834 1033 1896 usque
1065 1815 1154 1876 ad
1186 1813 1512 1876 calendas
1547 1811 1788 1874 marcii

155 1928 324 1987 1309,
389 1927 529 1990 pro
596 1928 801 1971 10000
857 1907 1057 1971 110115
1125 1909 1388 1988 1111ρο1.,
1447 1915 1517 1970 01
1575 1925 1788 1987 super

149 2002 371 2064 modis
425 1998 848 2066 exactionis

145 2205 270 2264 207.
316 2223 410 2234 -—
467 2193 649 2265 1308,
698 2185 789 2250 id.
835 2186 925 2250 id.
981 2187 1049 2262 C,
1107 2193 1240 2266 198.

222 2321 557 2386 Provisio
593 2323 922 2406 gabellae
943 2324 1134 2405 quod
1165 2342 1370 2385 nemo
1393 2322 1650 2385 audeat
1675 2321 1788 2384 vel

143 2427 557 2497 praesumat
599 2418 911 2479 vendere
953 2417 1070 2479 vel
1115 2435 1348 2479 emere
1405 2416 1621 2478 salem
1667 2414 1787 2496 qui

145 2529 276 2572 non
322 2511 426 2573 sit
472 2511 562 2572 de
607 2509 910 2594 gabella,
957 2521 1028 2573 et
1073 2529 1272 2572 cassa
1325 2509 1416 2571 sit
1471 2507 1786 2589 provisio

155 2623 327 2682 1307,
375 2602 513 2665 VI.

143 2803 267 2861 208.
311 2833 410 2844 -
465 2802 626 2876 1308
687 2801 878 2880 (1307
936 2797 1117 2878 ina),
1177 2818 1380 2860 marc.
1431 2819 1501 2873 2,
1575 2798 1694 2868 VI,
1743 2796 1784 2860 l.

215 2899 438 2976 super
471 2889 617 2976 pal.
657 2890 811 2974 gab.
870 2891 1252 2956 Cremonae.
1310 2892 1376 2970 C,
1437 2912 1571 2972 199.

220 3027 558 3090 Provisio
602 3027 930 3108 gabellae
990 3046 1119 3107 pro
1174 3037 1534 3090 contractu
1600 3024 1786 3090 facto

141 3141 294 3183 011111
363 3122 748 3184 Baxanino
812 3121 901 3182 de
968 3121 1270 3184 Ancona
1323 3131 1393 3184 et
1437 3119 1646 3182 sociis
1699 3122 1786 3184 de

153 3235 259 3277 100
303 3215 571 3278 modiis
617 3213 788 3275 salis
833 3214 922 3276 ad
971 3213 1308 3276 rationem
1364 3233 1443 3276 20
1495 3209 1669 3277 sold'.
1717 3223 1787 3277 et

143 3331 178 3386 4
219 3309 379 3372 den.
428 3329 564 3390 pro
611 3306 927 3389 quolibet
973 3306 1284 3370 sextario
1331 3326 1366 3386 5
1413 3326 1786 3388 pensarum

140 3413 206 3466 et
247 3421 284 3483 5
331 3403 682 3465 librarum
730 3414 800 3463 et
857 3422 878 3462 1
932 3401 1200 3474 unciae,
1241 3401 1440 3463 iuxta
1483 3401 1785 3482 lapidem

139 3497 252 3576 qui
296 3505 412 3560 est
458 3496 534 3558 in
581 3494 842 3560 salario
888 3494 1226 3577 gabellae.

143 3718 268 3776 209.
312 3733 402 3745 —
461 3703 624 3776 1308
689 3701 879 3780 (1307
944 3695 1115 3776 ina),
1180 3716 1384 3759 marc.
1449 3701 1507 3769 6,
1579 3696 1690 3767 VI,
1739 3695 1782 3758 l.

217 3797 436 3876 super
483 3791 678 3854 domo
715 3790 868 3874 gab.
927 3790 1312 3854 Cremonae.
1371 3789 1436 3861 C,
1489 3809 1630 3853 200.

219 3927 552 3991 Provisio
597 3929 923 4010 gabellae
969 3927 1160 4009 quod
1195 3926 1579 4007 piscatores
1622 3946 1782 4007 pos-

139 4021 270 4084 sint
333 4023 598 4084 iterum
645 4021 958 4084 vendere
1020 4019 1254 4100 pisces
1327 4019 1478 4082 sine
1543 4020 1782 4102 aliqua

141 4135 352 4195 pensa
389 4115 468 4178 in
499 4114 698 4177 curia
727 4114 816 4177 D.
847 4112 1184 4195 Episcopi
1222 4123 1292 4176 et
1323 4113 1392 4176 S.
1426 4113 1778 4195 Agathae.

141 4207 306 4272 Item
379 4209 580 4290 quod
635 4207 918 4291 Ugetus
985 4208 1071 4270 de
1123 4205 1466 4270 Ardoinis
1529 4207 1784 4270 habeat

142 4303 288 4364 illas
321 4321 456 4382 550
482 4301 701 4364 libras
747 4321 878 4382 pro
921 4311 1230 4363 mercato
1285 4320 1395 4362 122
1431 4320 1783 4363 somatum

141 4395 320 4467 53115,
339 4395 492 4458 dati
526 4413 766 4456 amore
799 4394 1122 4477 gabellae
1154 4403 1222 4456 et
1259 4394 1348 4456 ad
1383 4413 1631 4474 preces
1677 4415 1782 4456 sa-

143 4487 503 4568 pientium,
539 4500 609 4550 et
650 4487 862 4550 etiam
910 4487 1068 4549 illos
1115 4491 1151 4550 6
1198 4486 1436 4549 soldos
1481 4487 1568 4550 de
1613 4508 1783 4569 quo-

143 4581 304 4645 libet
337 4580 662 4644 sextario
696 4581 1072 4661 deputatos
1102 4579 1563 4644 creditoribus
1596 4581 1781 4644 53115.

143 4675 308 4737 Item
371 4675 568 4756 quod
624 4676 714 4737 de
772 4694 983 4736 avere
1038 4674 1360 4756 gabellae
1421 4676 1785 4737 solvantur

139 4770 470 4833 custodes
513 4767 754 4848 pontis
787 4767 1063 4830 Aduae.
1095 4766 1268 4829 Item
1317 4767 1507 4848 quod
1550 4767 1783 4830 incan-

139 4871 369 4925 tentur
417 4873 489 4924 et
534 4861 994 4941 apisonentur
1035 4861 1374 4925 stationes
1418 4861 1618 4924 iuxta
1664 4881 1782 4942 ga-

141 4955 392 5018 bellam
439 4964 513 5017 et
556 4955 1052 5037 baptisterium
1101 4974 1324 5035 usque
1375 4946 1783 5036 ad‘portam

143 5067 469 5132 magnam
515 5049 861 5131 gabellae.

143 5253 256 5298 210.
303 5271 394 5282 —-
446 5241 632 5313 1308,
689 5240 839 5320 apr.
897 5255 991 5314 17,
1063 5233 1174 5304 Vl,
1233 5232 1274 5296 l.
1327 5239 1538 5319 super
1591 5233 1782 5300 domo

209 5329 364 5412 gab.
424 5329 816 5394 Cremonae.
876 5328 942 5403 C,
995 5349 1136 5391 201.

221 5468 554 5532 provisio
601 5467 930 5550 gabellae
968 5467 1158 5549 quod
1195 5467 1545 5548 praesenti
1589 5478 1784 5548 pote-

3392 319 3515 383 ¹59

1882 552 2047 615 stati
2091 563 2161 616 et
2204 553 2505 619 familiae
2564 556 2713 620 eius
2770 560 3233 643 prolongetur
3284 584 3511 646 usque

1881 646 1972 708 ad
2016 645 2201 708 diem
2250 669 2327 727 24
2364 669 2509 730 apr.
2555 661 2831 734 tempus
2878 656 3197 720 mittendi
3242 657 3511 721 litteras

1881 750 1951 802 et
1973 739 2317 804 sindicum
2340 744 2674 823 potestati
2704 765 2928 828 nuper
2950 753 3173 814 electo
3190 751 3509 815 Baxiano

1880 833 2297 897 Fisceracha
2335 838 2422 917 (v,
2470 859 2529 900 3.
2585 859 2761 916 1300,
2807 861 2968 926 3118.
3023 845 3139 924 10).

1883 1057 1995 1101 211.
2042 1075 2125 1086 --
2178 1047 2362 1118 1308,
2408 1049 2555 1126 apr.
2607 1064 2719 1122 29,
2791 1044 2903 1120 VI,
2964 1045 3006 1109 l.
3052 1053 3263 1130 super
3318 1048 3512 1112 domo

1961 1131 2115 1215 gab.
2168 1134 2551 1199 Cremonae.
2609 1138 2675 1211 C,
2726 1158 2866 1201 202.

1968 1268 2291 1333 Provisio
2334 1272 2655 1355 gabellae
2688 1293 2819 1354 pro
2854 1276 3304 1358 adprobando
3350 1299 3513 1341 con-

1883 1372 2110 1426 tractu
2155 1365 2509 1428 celebrato
2568 1367 2681 1430 die
2746 1373 2825 1431 26
2881 1370 3121 1450 aprilis
3174 1392 3331 1435 cum
3376 1373 3509 1436 Β3-

1887 1456 2171 1520 xianino
2218 1459 2305 1521 de
2341 1460 2638 1523 Ancona
2671 1460 2759 1524 de
2804 1483 2921 1525 100
2960 1465 3173 1528 somis
3216 1467 3383 1529 salis
3420 1468 3511 1530 ad

1886 1561 2014 1613 rat.
2089 1571 2163 1630 19
2219 1554 2344 1616 sol.
2404 1553 2569 1635 imp.
2644 1573 2771 1636 pro
2830 1557 3145 1638 quolibet
3202 1561 3514 1623 sextario

1887 1646 1974 1725 (v.
2022 1665 2083 1707 a.
2140 1649 2317 1724 1308,
2364 1667 2571 1711 marc.
2622 1649 2702 1726 2).

1886 1869 2010 1912 212.
2057 1887 2139 1896 —
2192 1856 2369 1929 1308,
2416 1851 2591 1916 mad.
2632 1858 2725 1928 16,
2786 1854 2896 1929 VI,
2930 1853 2972 1917 l.
3008 1861 3219 1940 super
3251 1855 3515 1939 palatio

1964 1943 2116 2027 gab.
2173 1945 2556 2009 Cremonae.
2614 1948 2681 2021 C,
2732 1969 2873 2027 203.

1967 2079 2289 2144 Provisio
2336 2083 2654 2164 gabellae
2701 2096 2945 2148 contra
3001 2084 3279 2148 fraudes
3326 2105 3513 2147 com-

1887 2174 2139 2237 missas
2182 2175 2255 2237 in
2298 2177 2483 2240 iusta
2542 2188 2612 2240 et
2654 2177 2971 2260 legitima
3022 2199 3347 2241 mensura
3388 2199 3519 2260 per

1879 2267 2260 2331 -massarios
2306 2281 2375 2332 et
2418 2282 2827 2352 pensatores
2888 2271 3053 2334 salis
3111 2273 3181 2334 in
3244 2272 3517 2335 salariis

1889 2362 2229 2442 gabellae.

1888 2584 2011 2644 213.
2078 2601 2161 2610 -
2234 2570 2424 2643 1308,
2492 2565 2667 2629 mad.
2722 2587 2833 2647 19,
2928 2567 3053 2640 VI,
3132 2569 3517 2633 Cremonae.

1984 2657 2053 2732 C,
2105 2680 2245 2737 204.

1971 2793 2423 2859 Reformacio
2489 2796 2809 2878 gabellae
2866 2798 3057 2878 quod
3114 2797 3525 2860 admittatur

1888 2898 1958 2951 et
2000 2889 2427 2970 adprobetur
2456 2889 2837 2971 supricatio
2878 2890 3232 2953 societatis
3280 2891 3519 2973 gabel-

1885 2982 1992 3046 lae
2038 2983 2204 3046 53115
2247 2983 2574 3066 Pergami
2618 3003 2748 3065 pro
2790 2984 3249 3047 conducendo
3296 2986 3513 3048 salem

1885 3077 1976 3140 ad
2019 3077 2375 3140 civitatem
2416 3075 2799 3140 Cremonae
2846 3089 2915 3140 et
2958 3097 3086 3160 per
3122 3077 3517 3141 districtum

1884 3190 2133 3234 versus
2180 3170 2533 3233 civitatem
2579 3171 2926 3253 Pergami,
2971 3171 3198 3252 pactis
3244 3181 3315 3234 et
3358 3191 3517 3234 con·

1885 3263 2267 3327 ditionibus
2314 3265 2383 3326 in
2430 3283 2513 3326 ea
2556 3265 2919 3326 00111011115.

1954 3485 2019 3538 111
2058 3483 2293 3538 1101111110
2328 3485 2549 3539 domini
2584 3500 2777 3539 amen.
2815 3485 2927 3538 Die
2960 3486 3255 3539 dominico
3287 3485 3520 3539 decimo

1883 3575 2041 3614 nono
2058 3561 2253 3614 madii.
2275 3562 2788 3616 Concordaverunt
2811 3572 2871 3616 et
2888 3563 3344 3616 reformaverunt
3368 3562 3519 3615 inter

1799 3685 1806 3694 .
1881 3653 1946 3690 se
1967 3637 2209 3692 abbates
2242 3646 2303 3692 et
2336 3639 2625 3704 sapientes
2676 3638 2901 3704 gabelle
2948 3654 3158 3704 magne
3204 3639 3517 3698 Cremone,

1880 3713 1982 3780 qui
2005 3723 2172 3768 erant
2196 3731 2437 3768 numero
2462 3715 2663 3769 decem
2701 3724 2761 3769 et
2784 3723 2917 3768 octo
2933 3756 2946 3779 ,
2972 3714 3307 3781 congregati
3340 3729 3519 3780 super

1880 3789 2061 3844 domo
2107 3791 2285 3858 ipsius
2330 3792 2557 3858 gabelle
2592 3809 2755 3845 more
2799 3793 2991 3856 solit0,
3038 3792 3273 3844 nemine
3306 3791 3521 3845 discre-

1879 3877 2073 3933 pante,
2112 3869 2264 3922 sacto
2298 3869 2510 3936 partito
2532 3869 2679 3924 inter
2698 3869 2937 3923 eosdem
2960 3884 3066 3935 per
3091 3868 3395 3922 dominum
3421 3866 3521 3920 Ol-

1881 3944 2249 4000 dosredinum
2286 3945 2359 3998 de
2398 3947 2699 4012 Piperariis
2732 3956 2872 4000 tunc
2920 3947 3171 4008 abatem,
3209 3961 3316 4012 pro
3356 3961 3419 3998 se
3458 3953 3519 3997 et

1881 4022 2041 4076 socio
2075 4037 2201 4084 suc,
2241 4022 2403 4089 quod
2437 4024 2639 4089 petitio
2673 4032 2732 4077 et
2758 4023 3055 4090 requisitio
3082 4022 3189 4076 hac
3223 4021 3396 4075 etiam
3426 4038 3523 4074 su-

1878 4097 2128 4164 pricacio
2150 4099 2419 4152 Tomaxii
2442 4099 2518 4151 de
2544 4101 2773 4152 Bexena
2796 4109 2854 4152 et
2880 4085 3180 4152 Laurencii
3206 4097 3283 4151 de
3315 4099 3519 4160 Pute0,

1879 4175 2091 4228 civium
2129 4176 2391 4241 Pergami
2436 4177 2726 4229 sociorum
2762 4175 3051 4230 societatis
3100 4175 3329 4241 gabelle
3364 4175 3523 4230 sanis

1879 4252 1955 4305 de
1993 4253 2292 4316 Pergamo,
2330 4252 2643 4306 admitatur
2677 4262 2737 4307 et
2788 4254 2843 4306 in
2885 4269 2954 4308 03
2989 4251 3335 4320 procedatur
3382 4267 3519 4305 cum

1878 4329 2143 4395 capitulis
2168 4329 2554 4395 infrascripti&
2580 4331 2631 4382 T
2634 4346 2777 4383 enor
2805 4329 2969 4382 cuius
2994 4329 3305 4396 petitioniS,
3332 4329 3525 4395 requi-

1881 4405 2101 4458 sitionis
2138 4416 2197 4459 et
2228 4405 2637 4472 supricacionis
2672 4407 2801 4460 talis
2834 4415 2957 4459 erat
2990 4415 3049 4459 et
3082 4415 3196 4460 est:

1951 4484 2018 4536 In
2070 4482 2269 4548 primis
2317 4491 2539 4549 petunt,
2592 4484 2893 4550 requirunt
2938 4491 2996 4536 et
3044 4485 3336 4549 supricant
3376 4491 3523 4535 tam-

1881 4577 2059 4626 quam
2093 4559 2233 4613 socii
2252 4559 2507 4625 predicte
2526 4561 2834 4622 societatis,
2860 4561 3096 4614 nomine
3116 4571 3174 4614 et
3192 4560 3317 4614 vice
3340 4559 3523 4626 ipsius

1880 4637 2171 4690 societatis
2204 4643 2263 4689 et
2294 4637 2583 4690 sociorum
2621 4637 2799 4704 ipsius
2834 4637 3121 4692 societatis
3156 4648 3213 4692 et
3248 4654 3353 4704 pro
3396 4639 3523 4702 ipsa

1880 4714 2155 4767 societate
2190 4715 2265 4767 de
2303 4716 2585 4780 Pergamo
2607 4724 2665 4768 et
2688 4715 2858 4768 sociis
2882 4716 3163 4779 eiusdem,
3200 4716 3359 4783 quod
3384 4732 3520 4769 cum

1881 4790 2095 4844 ducere
2130 4793 2331 4846 volunt
2366 4801 2423 4844 et
2458 4791 2705 4845 conduci
2727 4792 2915 4846 facere
2951 4793 3258 4846 intendunt
3282 4795 3521 4846 nomine

1880 4869 2033 4922 dicte
2078 4869 2367 4922 societatis
2420 4877 2478 4921 et
2518 4885 2623 4934 pro
2669 4869 2820 4922 dicta
2876 4870 3150 4923 societate
3202 4871 3516 4923 maximam

1881 4947 2261 5013 quantitatem
2312 4945 2446 4998 salis
2497 4946 2572 4999 ad
2618 4946 2909 4999 civitatem
2962 4947 3251 4999 Cremone
3302 4956 3359 4999 et
3416 4963 3523 5012 per

1881 5022 2202 5077 districtum
2259 5023 2549 5075 Cremone
2606 5039 2805 5075 versus
2864 5023 3153 5076 civitatem
3218 5023 3515 5089 Pergami,

1879 5099 2164 5152 solvendo
2198 5099 2433 5152 comuni
2467 5108 2525 5151 et
2559 5099 2783 5165 gabelle
2836 5101 3127 5152 Cremone
3173 5100 3401 5153 dacium
3451 5109 3511 5152 et

1881 5175 2195 5241 pedagium
2243 5185 2301 5229 et
2344 5175 2631 5242 gabellam
2674 5176 2749 5228 de
2798 5177 2924 5242 ipso
2959 5177 3077 5228 sale
3130 5176 3515 5230 conducendo

1881 5269 1983 5318 per
2015 5269 2119 5305 eos
2154 5251 2230 5306 ad
2262 5251 2555 5306 civitatem
2593 5254 2893 5318 Pergami,
2931 5261 3117 5306 totum
3166 5253 3309 5306 illud
3353 5253 3523 5320 quod

1880 5339 2223 5382 consuetum
2264 5337 2355 5382 est
2401 5329 2547 5382 solvi
2594 5328 2727 5384 hinc
2776 5339 2928 5383 retro
2974 5344 3077 5394 per
3132 5329 3397 5383 homines
3442 5329 3519 5383 de

1884 5408 2165 5472 Pergamo
2198 5407 2431 5459 comuni
2468 5406 2755 5460 Cremone
2790 5407 3095 5460 occasione
3130 5407 3263 5460 salis
3298 5407 3519 5460 condu-

1879 5483 2047 5536 cendi
2084 5483 2159 5536 ad
2211 5481 2499 5538 civitatem
2549 5483 2812 5550 Pergami
2846 5501 2881 5536 a
2924 5482 3152 5538 civitate
3200 5483 3513 5549 Cremone,
