4050 6109
539 298 661 358 160
1533 306 1803 356 CODICE
1847 305 2370 366 DIPLOMAnco
2412 305 2871 354 CREMONESE

1298 428 1483 434 ——
1528 425 3865 434 *mm———ffl—q

532 555 882 620 integraliter
916 561 974 608 et
1007 554 1066 608 in
1101 563 1288 608 totum
1324 555 1448 608 sine
1473 555 1666 622 aliqua
1699 553 2085 607 diminutione
2109 560 2165 607 et
2264 553 2471 620 aliquis
2507 569 2709 606 eorum
2746 552 3004 606 faciendo
3039 552 3289 621 aliquam
3341 553 3701 606 securitatem
3747 554 3895 608 ultra*

531 632 975 686 detractacione.
2264 647 2439 683 unam
2478 645 2663 696 usque
2686 630 2761 682 ad
2786 629 3095 683 terminum
3130 629 3599 696 suprascriptum,
3636 638 3691 681 et
3735 633 3886 696 quod

599 710 748 762 Item
785 709 942 776 quod
979 706 1192 761 bibulci
1227 708 1326 775 qui
1351 707 1677 760 conducent
1712 708 1898 774 ipsum
1935 707 2167 760 salema
2214 702 2219 745 ῑ
2266 707 2520 773 predicta
2556 706 2799 759 societas
2834 722 2936 760 5011
2972 706 3113 760 50011
3148 723 3352 760 00111111
3377 715 3675 759 teneantur
3708 715 3766 759 et
3800 708 3887 760 de·

531 785 760 838 civitate
797 786 1084 837 Cremone
1120 800 1318 837 versus
1358 786 1702 850 Pergamum
1738 799 1852 836 non
1887 792 2167 849 cogantur
2214 750 2219 858 Ι
2266 784 2441 836 beant
2476 783 2679 836 mitere
2714 784 3063 836 Cremonam
3098 799 3202 849 per
3236 783 3531 849 plubicum
3555 783 3885 836 instrumen-

530 879 640 915 nec
675 861 804 927 cogi
840 861 1093 914 debeant
1115 877 1221 914 nec
1257 861 1478 927 possint
1511 861 1734 914 solvere
1770 877 1872 926 per
1896 860 2167 912 comunia
2214 859 2219 913 Ι
2266 869 2425 922 111111,
2474 877 2547 913 ex
2594 867 2757 926 parte
2802 859 3104 926 potestatis
3159 860 3423 913 comunis
3478 861 3736 926 Pergami
3788 877 3883 913 seu

531 947 589 992 et
625 938 890 991 homines
925 938 998 991 de
1034 947 1232 991 5311010
1271 931 1541 999 Baxiano,
1579 937 1654 990 de
1702 938 1906 990 Castro
1948 938 2165 999 Leone,
2268 938 2438 990 unius
2472 953 2543 989 ex
2580 935 2864 990 iudicibus
2911 937 3173 990 eiusdem
3216 935 3515 1002 potestatis
3558 951 3659 988 seu
3696 937 3889 1001 guida-

530 1014 608 1067 de
645 1015 961 1080 Mozanega
985 1015 1132 1068 ultra
1155 1013 1292 1067 illud
1331 1013 1640 1080 pedagium
1666 1022 1724 1066 et
1757 1013 1986 1066 dacium
2006 1013 2166 1080 quod
2268 1030 2395 1068 rum
2430 1013 2653 1080 gabelle
2688 1014 2842 1066 sallis
2880 1013 3160 1079 Pergami,
3197 1013 3272 1066 de
3308 1020 3430 1068 toto
3467 1013 3561 1066 illo
3594 1013 3711 1066 sale
3733 1015 3885 1080 quod

529 1099 873 1144 consuetum
910 1099 997 1143 est
1031 1090 1174 1143 solvi
1211 1107 1313 1156 per
1343 1091 1469 1144 illos
1508 1092 1917 1156 pergamenses
1951 1092 2169 1142 condu—
2268 1091 2476 1144 sacient
2522 1090 2767 1142 conduci
2814 1088 2889 1142 ad
2943 1090 3229 1143 civitatem
3281 1090 3543 1156 Pergami
3590 1106 3625 1142 a
3669 1091 3895 1144 civitate

533 1176 731 1221 centes
766 1167 945 1220 salem
971 1183 1169 1220 versus
1212 1169 1577 1233 Pergamum,
1617 1175 1674 1220 et
1709 1166 2031 1233 specialiter
2064 1182 2167 1232 per
2266 1169 2575 1228 Cremone,
2615 1166 2758 1219 infra
2794 1182 2974 1220 unum
3012 1182 3271 1220 mensem
3309 1183 3381 1218 ex
3432 1182 3551 1233 quo
3592 1167 3891 1220 habuerint

531 1260 782 1298 comune
829 1253 887 1297 et
934 1245 1198 1297 homines
1234 1244 1310 1296 de
1359 1245 1695 1310 Mozanega,
1739 1243 1836 1296 ubi
1882 1259 1998 1296 non
2044 1252 2168 1296 erat
2267 1244 2521 1296 boletam
2574 1243 2879 1296 occasione
2930 1242 3067 1296 dicti
3117 1243 3251 1296 salis
3305 1243 3705 1304 conducendi,
3755 1244 3892 1296 inci-

535 1329 878 1374 consuetum
915 1321 1060 1374 solvi
1107 1321 1422 1387 pedagium
1457 1321 1532 1373 de
1565 1320 1764 1388 aliquo
1810 1320 1949 1383 sale,
1986 1327 2050 1372 ut
2083 1320 2169 1373 di-
2266 1320 2483 1385 piendo
2517 1320 2831 1374 terminum
2866 1319 3005 1372 dicti
3040 1320 3255 1373 mensis
3278 1337 3313 1372 a
3336 1326 3599 1384 tempore
3622 1318 3775 1373 dicte
3799 1321 3895 1372 bo-

536 1405 676 1451 cunt
697 1396 832 1450 dicti
858 1397 1256 1450 Thomaxinus
1280 1405 1338 1450 et
1359 1397 1720 1458 Laurentius,
1743 1396 1913 1450 salvis
1937 1412 2167 1462 semper
2266 1397 2379 1450 lete
2412 1395 2521 1450 sibi
2574 1396 2708 1449 date
2743 1411 2847 1463 pro
2881 1395 3263 1450 conducendo
3298 1395 3517 1449 dictum
3552 1396 3754 1458 salem,
3794 1413 3893 1448 nec

533 1473 806 1527 omnibus
841 1472 1080 1537 iuribu3‚
1131 1465 1618 1531 iurisdictionibus
1652 1473 1935 1526 dictorum
1970 1489 2169 1526 0011111-
2266 1473 2449 1526 0013111
2486 1473 2591 1539 ipsi
2642 1471 3003 1538 gabelatores
3040 1489 3155 1526 non
3200 1481 3503 1526 teneantur
3537 1489 3644 1524 nec
3679 1473 3895 1538 possint

536 1551 696 1602 nium
733 1557 790 1602 et
827 1549 1129 1602 hominum
1169 1550 1337 1604 castri
1373 1550 1554 1602 sancti
1604 1549 1837 1602 Baxiani
1883 1556 1941 1601 et
1979 1550 2169 1602 Moza-
2267 1565 2369 1602 eos
2404 1548 2730 1615 compelere
2766 1565 2873 1602 nec
2908 1549 2991 1602 eis
3028 1547 3165 1602 dare
3200 1548 3453 1615 aliquem
3479 1549 3775 1608 noncium,
3801 1549 3895 1615 qui

535 1643 683 1692 nege
721 1634 780 1679 et
802 1624 987 1678 Castri
1028 1625 1238 1678 Leonis
1272 1627 1320 1678 si
1357 1641 1506 1692 quos
1531 1625 1744 1678 habent
1771 1625 1826 1678 in
1851 1624 2048 1692 aliquo
2072 1641 2169 1691 pe-
2267 1626 2479 1680 vadant
2514 1641 2648 1678 011111
2686 1641 2889 1679 00111111
2940 1625 3207 1694 plaustris
3257 1642 3390 1678 cum
3426 1625 3554 1691 ipso
3598 1625 3747 1688 sale,
3796 1641 3897 1678 nec

535 1703 710 1768 dagio
731 1703 980 1755 exiendo
1005 1703 1306 1755 occasione
1343 1701 1476 1754 dicti
1513 1700 1665 1754 53115.
1695 1702 1842 1754 Item
1877 1701 2038 1767 quod
2066 1717 2169 1766 per
2268 1718 2369 1769 eos
2403 1719 2645 1768 gravare
2694 1702 2999 1755 occasione
3050 1701 3323 1767 predicta,
3374 1710 3609 1767 propter
3662 1717 3901 1766 magnas

538 1779 808 1832 dominos
845 1779 1085 1832 habates
1122 1787 1180 1831 01
1213 1778 1501 1844 sapientes
1535 1777 1779 1844 gabelle,
1819 1778 2053 1830 nomine
2076 1794 2169 1831 co·
2267 1795 2549 1845 expensas
2584 1793 2730 1846 quas
2766 1777 2897 1831 hinc
2934 1778 3069 1831 inde
3110 1777 3546 1832 substinuerunt
3596 1779 3897 1831 occasione

535 1856 726 1908 munis
762 1855 1050 1908 Cremone
1085 1863 1143 1908 et
1177 1870 1280 1921 per
1316 1855 1504 1920 ipsum
1539 1870 1806 1916 comune,
1857 1869 2059 1906 eorum
2084 1853 2167 1907 sal
2268 1856 2523 1923 predicta
2557 1855 2797 1922 predicti
2834 1855 2908 1908 de
2947 1857 3244 1920 Pergamo.

536 1948 714 1998 quem
750 1932 987 1985 fecerint
1021 1931 1217 1984 venire
1251 1940 1312 1984 et
1345 1930 1590 1984 conduci
1621 1931 1695 1983 ad
1720 1931 2006 1983 civitatem
2034 1931 2168 1984 Cre·
2337 1934 2483 1986 Item
2518 1932 2679 1999 quod
2714 1932 2986 1985 dominus
3022 1932 3175 1998 prior
3199 1931 3409 1984 domus
3430 1931 3589 1984 Valis
3625 1931 3805 1984 virdis
3828 1932 3901 1984 de

2268 2011 2559 2063 Cremona
2592 2009 2764 2062 abeat
2798 2017 2857 2061 et
2886 2009 2943 2061 in
2980 2025 3043 2062 se
3078 2017 3277 2061 tenere
3315 2007 3524 2061 debeat
3568 2024 3746 2060 unam
3794 2007 3899 2060 cla-

2267 2088 2384 2139 vim
2421 2085 2495 2138 de
2532 2085 2792 2152 quolibet
2827 2085 3034 2138 salario
3070 2084 3205 2137 salis
3248 2085 3773 2150 suprascriptorum
3808 2101 3901 2136 so-

2268 2163 2489 2217 ciorum
2524 2177 2763 2215 suorum
2800 2171 2859 2214 et
2883 2161 3035 2215 dicte
3056 2160 3363 2221 societatis,
3388 2161 3537 2214 sicut
3556 2170 3907 2214 consuetum

2267 2249 2374 2300 est,
2400 2247 2457 2293 et
2481 2239 2639 2305 quod
2676 2238 2864 2291 dictus
2888 2237 3159 2290 dominus
3195 2237 3369 2303 prior,
3408 2237 3900 2304 quociescomque

2268 2317 2320 2369 ei
2358 2332 2459 2382 per
2503 2315 2661 2380 ipsos
2694 2315 2882 2368 socios
2924 2315 3015 2366 vel
3052 2329 3253 2367 eorum
3278 2313 3517 2366 noncios
3550 2314 3727 2366 suerit
3766 2313 3899 2378 peti-

2268 2404 2391 2446 tum
2426 2391 2635 2459 aperiri
2672 2391 2795 2458 ipsa
2828 2391 3051 2453 salaria,
3089 2391 3248 2457 quod
3277 2391 3399 2456 ipse
3436 2389 3717 2443 dominus
3754 2389 3899 2455 prior

2268 2470 2449 2536 possit
2486 2469 2711 2522 mittere
2748 2467 2930 2522 dictas
2964 2467 3157 2520 claves
3192 2483 3325 2520 011111
3364 2483 3480 2519 11110
3518 2483 3589 2518 ex
3634 2467 3903 2519 fratribus

2268 2547 2384 2599 suis
2419 2545 2491 2598 ad
2526 2545 2972 2610 superstantium
3010 2553 3067 2596 et
3102 2543 3419 2596 videndum
3446 2542 3813 2608 descaregari
3848 2551 3899 2595 et

2266 2621 2571 2690 ponderari
2615 2621 2832 2675 dictum
2870 2621 2971 2684 sal,
3022 2620 3169 2673 510111
3207 2629 3297 2672 051
3340 2629 3707 2673 00115110111111.
3760 2621 3903 2672 Item

535 2024 710 2062 mone
747 2025 862 2061 non
909 2009 1092 2074 possit
1138 2025 1245 2061 nec
1280 2009 1491 2060 debeat
1536 2007 1637 2060 toli
1675 2024 1780 2060 nec
1833 2007 2012 2073 accipi
2060 2007 2169 2074 ipsi

531 2085 788 2138 societati
841 2102 949 2138 nec
997 2085 1164 2138 alicui
1216 2101 1288 2137 ex
1340 2084 1510 2138 sociis
1559 2083 1712 2136 dicte
1757 2083 2064 2147 societatiS,
2111 2084 2167 2136 111

532 2161 762 2216 civitate
787 2163 976 2216 necin
1011 2162 1268 2215 districtu
1305 2163 1612 2224 Cremone,
1649 2161 1842 2228 aliqua
1880 2161 1956 2214 de
1995 2176 2170 2214 causa

534 2256 638 2305 per
690 2239 941 2307 aliquam
997 2255 1336 2305 personam,
1389 2253 1666 2298 comune,
1720 2237 2006 2302 colegium
2062 2253 2169 2290 nec

539 2316 972 2369 universitatem
1023 2331 1126 2368 nec
1163 2315 1344 2368 eciam
1392 2313 1672 2376 interdici,
1709 2313 2018 2367 contestari
2062 2331 2169 2367 nec

539 2393 842 2460 inquietari
879 2393 1193 2458 quominus
1239 2392 1362 2456 ipse
1407 2399 1562 2444 totus
1609 2391 1710 2453 sal,
1750 2407 1926 2457 quem
1974 2391 2170 2443 abebit

537 2471 664 2536 ipsa
715 2469 960 2522 societas
1013 2469 1069 2520 in
1122 2468 1349 2522 civitate
1398 2468 1488 2520 vel
1541 2468 1799 2521 districtu
1857 2468 2166 2530 Cremone,

537 2546 721 2613 possit
753 2546 932 2598 libere
967 2554 1024 2598 et
1059 2544 1182 2598 sine
1218 2545 1409 2611 aliquo
1444 2545 1864 2610 impedimento
1900 2545 2166 2607 conduci,

535 2625 682 2690 tragi
719 2629 778 2675 et
811 2621 1029 2675 menari
1065 2630 1123 2674 et
1147 2622 1344 2674 haberi
1369 2629 1426 2674 et
1460 2621 1640 2674 teneri
1677 2621 1735 2672 in
1772 2621 1999 2674 civitate
2036 2622 2171 2673 Cre-

538 2715 713 2752 mone
749 2707 807 2752 et
841 2715 943 2764 per
977 2698 1296 2751 districtum
1323 2700 1628 2758 Cremone,
1655 2698 1944 2750 veniendo
1968 2714 2169 2751 versus

542 2777 886 2842 Pergamum
921 2775 1041 2828 sive
1077 2791 1180 2841 per
1201 2782 1437 2828 stratam
1474 2774 1550 2827 de
1573 2776 1777 2827 Castro
1817 2775 2014 2827 Leone
2047 2775 2169 2827 sive

537 2869 642 2918 per
675 2860 910 2906 stratam
947 2852 1022 2904 de
1057 2853 1310 2905 Soncino
1345 2852 1465 2904 sive
1501 2851 1694 2904 eundo
1725 2867 1926 2904 versus
1949 2851 2167 2912 Laude,

536 2931 613 2984 de
662 2931 796 2983 hinc
840 2929 915 2982 ad
968 2929 1116 2982 duos
1162 2945 1348 2982 annos
1393 2928 1689 2995 proximos
1743 2929 2061 2990 venienteS‚
2112 2937 2171 2982 et

537 3007 698 3074 quod
735 3021 939 3060 omnes
973 3005 1113 3057 socii
1150 3004 1299 3057 dicte
1338 3005 1621 3058 societatis
1657 3013 1714 3058 et
1738 3021 1939 3057 eorum
1976 3005 2168 3057 noncii

2268 2698 2449 2765 quod,
2486 2713 2686 2750 amore
2720 2697 2985 2754 comunis
3022 2695 3284 2762 Pergami
3308 2702 3366 2748 et
3388 2694 3784 2760 predictorum
3812 2711 3901 2746 50-

2267 2775 2488 2828 ciorum
2524 2783 2583 2827 et
2617 2774 2767 2827 dicte
2804 2772 3497 2838 societatis,·provisiones
3521 2771 3661 2825 fiant
3700 2780 3759 2824 et
3782 2771 3899 2824 fieri

2267 2853 2519 2905 debeant
2564 2868 2665 2917 per
2718 2851 2875 2916 ipsos
2919 2850 3157 2902 habates
3200 2857 3260 2901 et
3310 2848 3600 2914 sapientes
3650 2848 3903 2914 gabelle,

2268 2930 2366 2996 qui
2391 2937 2679 2994 ponantur
2702 2937 2759 2981 et
2782 2927 3101 2980 scribantur
3128 2926 3185 2978 in
3200 2925 3347 2978 libro
3372 2925 3781 2991 provixionum
3807 2943 3904 2991 ga-

2267 3005 2435 3067 belle,
2476 3021 2591 3072 que
2626 3005 2853 3058 valeant
2886 3013 2946 3056 et
2980 3011 3217 3056 teneant
3250 3001 3328 3055 de
3359 3003 3481 3054 iure
3515 3001 3591 3055 de
3624 3002 3903 3054 omnibus

2266 3082 2663 3149 suprascriptis
2698 3089 2757 3134 et
2800 3080 3041 3146 singulis
3067 3080 3201 3132 etin
3227 3077 3483 3146 qualibet
3506 3087 3671 3144 parte
3707 3079 3821 3140 sui,
3846 3087 3903 3131 et

2268 3158 2427 3227 quod
2481 3157 2702 3217 domini
2757 3157 2997 3210 habates
3043 3164 3101 3228 et
3148 3155 3439 3221 sapientes
3488 3155 3720 3222 gabelle
3772 3171 3905 3220 pre-

2267 3243 2460 3287 sentes
2496 3244 2552 3286 et
2586 3235 2759 3292 futuri
2812 3241 3173 3286 sacramento
3218 3232 3446 3297 preciso
3490 3239 3801 3284 teneantur
3847 3240 3903 3283 et

2265 3312 2537 3373 debeant,
2576 3309 2709 3396 111110
2742 3309 2815 3362 3(1
2852 3309 3159 3362 10111111111111
3195 3309 3667 3374 suprascriptum,
3707 3309 3903 3360 obser-

537 3092 599 3136 et
642 3098 848 3136 omnes
901 3081 1114 3134 bibulci
1167 3081 1317 3134 dicte
1361 3081 1647 3134 societatis
1691 3081 1824 3134 hinc
1867 3081 1940 3133 ad
1977 3082 2168 3147 ipsum

535 3159 848 3214 terminum
883 3157 996 3210 sint
1031 3157 1208 3210 libere
1243 3157 1434 3210 afidati
1473 3173 1606 3210 cum
1642 3157 1920 3223 personiS,
1949 3157 2167 3220 bestiiS,

531 3253 698 3290 avere
735 3244 794 3289 et
829 3235 1020 3296 rebus,
1070 3233 1216 3286 adeo
1256 3234 1415 3300 quod
1442 3234 1548 3300 ipsi
1585 3250 1690 3287 nec
1724 3233 1930 3300 aliquis
1965 3251 2169 3289 eorum

533 3330 652 3366 non
677 3311 900 3378 possint
933 3327 1040 3362 nec
1089 3311 1342 3363 debeant
1393 3311 1538 3376 capi,
1587 3310 1850 3373 detineri,
1907 3311 2169 3364 interdici

537 3405 642 3442 1100
659 3387 855 3454 aliquo
892 3387 1072 3440 modo
1105 3385 1407 3452 inquietari
1433 3387 1520 3439 vel
1548 3386 1835 3439 molestari
1861 3402 1965 3439 seu
1992 3387 2171 3453 impe-

537 3466 645 3519 diri
665 3467 721 3518 in
739 3465 966 3518 civitate
986 3479 1092 3516 nec
1109 3463 1364 3516 districtu
1383 3465 1669 3516 Cremone
1685 3479 1786 3528 per
1799 3463 2052 3530 aliquam
2069 3480 2170 3530 per

536 3557 761 3605 sonam,
788 3556 1056 3600 comune,
1082 3539 1370 3605 colegium
1391 3541 1477 3592 vel
1503 3540 1952 3604 universitatem,
1973 3540 2169 3608 aliquo

537 3619 718 3673 modo
753 3633 860 3670 nec
895 3617 1089 3684 aliqua
1123 3617 1198 3668 de
1223 3633 1396 3668 causa
1421 3633 1527 3669 nec
1548 3632 1651 3683 per
1677 3617 1856 3681 ipsam
1881 3617 2165 3681 gabelam,

539 3697 674 3750 hinc
707 3694 783 3748 ad
819 3693 1269 3760 suprascriptum
1301 3693 1629 3756 terminum,
1667 3693 1868 3746 solutis
1892 3695 2051 3759 prius
2073 3711 2170 3759 ga-

541 3772 686 3825 belis
721 3780 780 3824 et
815 3770 992 3824 daciis
1028 3768 1266 3836 predicti
1304 3769 1457 3830 salis,
1497 3769 1637 3822 dum
1673 3779 1864 3823 tamen
1903 3785 2021 3823 non
2056 3771 2172 3823 51111

539 3847 841 3902 bandezati
875 3847 967 3899 vel
1001 3845 1272 3900 confinati
1307 3845 1573 3899 comunis
1609 3847 1898 3899 Cremone
1940 3846 2014 3900 de
2052 3863 2170 3900 ma·
2544 3897 2557 3910 ,
2607 3897 2619 3910 ,
3296 3895 3307 3908 ,
3724 3895 3739 3908 ,

537 3925 792 3979 lexardia
825 3939 934 3976 nec
967 3924 1042 3977 de
1079 3922 1376 3976 maleficio.
2350 3898 2670 3960 Prowsio
2718 3896 3037 3979 gabellae
3082 3915 3451 3958 occasione
3496 3895 3909 3977 praedictae

609 4003 755 4054 Item
780 4000 938 4068 quod
964 4016 1168 4052 omnes
1194 4000 1286 4052 ille
1305 4006 1480 4052 strate
1504 4007 1563 4052 et
1586 4008 1793 4064 pontes
1819 4014 1922 4064 per
1941 4015 2087 4066 quas
2112 4010 2169 4054 et
2218 4039 2220 4046 .
2264 3990 2774 4054 reformationis
2828 4001 2897 4052 et
2942 3989 3462 4071 praedictorum
3506 3999 3903 4070 pactorum.

535 4095 688 4147 quos
723 4085 950 4143 oportet
983 4063 1228 4129 conduci
1263 4085 1323 4129 et
1347 4075 1592 4129 carezari
1629 4075 1817 4141 ipsum
1855 4077 1935 4128 sal
1971 4093 2169 4142 supra·
2216 4060 2221 4150 Ι

535 4155 832 4222 scriptum,
869 4160 1138 4241 aptentur
1158 4168 1263 4218 per
1285 4153 1556 4206 comunia
1586 4169 1760 4219 super
1782 4168 2032 4239 quorum
2060 4162 2169 4207 ter·
2216 4153 2221 4232 1
2265 4196 2387 4259 215.
2434 4215 2517 4224 -
2570 4180 2747 4254 1308.
2792 4180 2958 4260 sept.
3015 4196 3036 4238 1
3137 4176 3245 4238 VJ
3298 4175 3341 4238 l·
3387 4182 3599 4260 super
3632 4175 3907 4260 palatio

536 4233 734 4289 ritorio
757 4239 892 4284 sunt
915 4245 1038 4296 ipse
1062 4238 1238 4282 strate
1256 4238 1314 4281 et
1338 4238 1564 4295 ponteS,
1595 4245 1696 4282 seu
1720 4231 1834 4282 3110
1859 4231 2057 4292 mod0,
2093 4231 2168 4284 ad
2217 4265 2221 4299 Ι
2439 4270 2474 4333 b
2737 4243 2741 4248 ·
3050 4225 3064 4250 '
3232 4223 3247 4250 ’

537 4310 894 4365 voluntatem
943 4306 1201 4372 ipsorum
1247 4306 1619 4359 dominorum
1668 4306 1942 4358 habatum
1979 4315 2039 4360 et
2082 4323 2168 4360 sa-
2341 4291 2437 4355 ἕα
2478 4319 2492 4334 ·
2550 4271 2936 4334 cremonae·
2988 4271 3056 4344 C·
3104 4291 3246 4332 ²¹¹·

535 4386 815 4453 pientium
851 4383 1095 4450 gabelle.
1125 4385 1269 4436 Item
1302 4383 1464 4450 quod
1488 4399 1590 4449 per
1613 4382 1797 4448 ipsam
1820 4383 2087 4448 gabelam
2111 4394 2169 4438 et

535 4477 782 4514 comune
809 4461 1097 4513 Cremone
1137 4461 1306 4512 detur
1339 4468 1397 4513 et
1431 4459 1762 4513 restituatur
1784 4461 2167 4526 suprascripte

537 4537 794 4590 societati
831 4535 970 4589 illud
1015 4535 1099 4588 sal
1137 4536 1294 4602 quod
1342 4552 1591 4592 comune
1642 4537 1928 4589 Cremone
1973 4545 2033 4588 et
2071 4553 2168 4604 ga-

2266 3403 2401 3440 vare
2436 3396 2495 3440 et
2518 3386 2808 3439 observari
2834 3385 3019 3438 facere
3044 3385 3445 3451 suprascriptis
3468 3385 3637 3438 sociis
3666 3393 3728 3437 et
3752 3383 3907 3437 dicte

2266 3464 2525 3518 societati
2560 3463 2755 3516 omnia
2791 3461 3047 3528 predicta
3080 3471 3139 3516 et
3173 3461 3419 3528 singula.

2266 3687 2394 3746 214.
2439 3705 2524 3715 —
2577 3671 2755 3744 1308,
2827 3666 2937 3738 VJ,
2998 3667 3384 3730 Cremonae.
3442 3666 3507 3736 C,
3574 3685 3723 3746 205,
3786 3663 3904 3728 in·-

2216 3735 2221 3773 ¹
2352 3760 2693 3844 completa.

2347 4408 2669 4471 Provisio
2738 4409 3057 4491 gabellae
3122 4428 3251 4490 pro
3304 4419 3665 4471 contractu
3712 4408 3907 4472 facto

2215 4510 2219 4555 !
2264 4523 2422 4566 curn
2467 4503 2655 4564 Doto
2702 4502 3086 4564 Boldizono
3133 4503 3219 4564 de
3263 4512 3413 4564 toto
3470 4503 3616 4564 sale
3658 4522 3905 4564 neces-

537 4611 688 4665 bella
720 4609 860 4664 dare
893 4611 1072 4665 debet
1106 4620 1162 4664 et
1197 4621 1423 4665 tenetur
1466 4612 1850 4678 suprascripte
1886 4613 2164 4666 societati.
2264 4597 2449 4659 5ἃῖἰο
2508 4596 2829 4678 gabellae
2897 4596 3217 4659 ducendo
3284 4606 3354 4657 et
3412 4593 3909 4677 COUSig'na-ndo

541 4691 686 4742 Item
723 4687 882 4755 quod
921 4687 1026 4754 ipsi
1062 4688 1204 4740 socii
1239 4697 1296 4741 et
1331 4687 1483 4741 dicta
1527 4689 1770 4741 societas
1815 4689 1994 4754 parati
2032 4700 2168 4743 sunt
2262 4711 2484 4772 usque
2552 4689 2647 4751 ad·
2714 4709 2928 4751 unum
3004 4709 3262 4752 annum
3350 4696 3467 4772 (v,
3544 4710 3604 4751 a,
3690 4709 3853 4768 1305
3884 4737 3901 4760 ‚

538 4775 596 4820 et
637 4765 839 4818 volunt
886 4763 1072 4816 facere
1123 4774 1183 4816 et
1232 4773 1486 4830 prestare
1533 4765 1747 4819 bonam
1794 4773 1853 4818 et
1893 4765 2165 4820 idoneam
2263 4792 2457 4846 mart·
2499 4804 2597 4861 29·
2627 4783 2714 4856 D,
2752 4783 2875 4862 57).
2907 4783 3109 4855 Salis,
3143 4782 3507 4845 Sardiniae
3536 4783 3651 4844 vel
3688 4782 3903 4864 Zipri⁹

536 4842 898 4896 securitatem
923 4841 1250 4906 generalem
1274 4841 1348 4894 de
1374 4841 1756 4895 conducendo
1779 4851 1837 4894 et
1859 4843 2167 4897 estraendo
2435 4877 2448 4889 ·
2749 4876 2762 4889 ·
2776 4876 2788 4889 ·

538 4918 984 4986 suprascriptum
1019 4917 1103 4968 sal
1137 4931 1240 4982 per
1273 4918 1562 4971 civitatem
1595 4925 1654 4970 et
1675 4917 1996 4971 districtum
2032 4921 2167 4972 Cre·
2262 4878 2452 4940 duem
2500 4877 2831 4939 venecns
2911 4875 3325 4939 cremonam
3392 4895 3520 4956 Per
3591 4876 3649 4938 P
3651 4877 3901 4949 adum’

539 5011 711 5048 mone
745 4994 819 5048 ad
855 4993 1146 5046 civitatem
1186 4993 1442 5060 Pergami
1481 5009 1666 5061 usque
1701 4993 1775 5046 ad
1821 4993 2010 5059 ipsum
2049 5003 2166 5048 ter·
2259 4971 2488 5032 DOtUS
2533 4970 2740 5032 debet
2791 4969 3049 5031 habere
3108 4989 3150 5031 ἃ
3208 4967 3485 5032 comuni
3542 4988 3905 5050 expensas

541 5073 780 5134 minum,
816 5077 874 5124 et
909 5085 1130 5136 apsque
1177 5085 1250 5121 eo
1285 5070 1443 5136 quod
1479 5070 1698 5124 dictum
1747 5071 1834 5124 sal
1882 5070 1935 5124 in
1973 5080 2163 5124 totum
2262 5063 2743 5147 acquisitionis
2788 5071 2860 5125 et
2902 5062 3356 5130 advectionis,
3401 5074 3767 5143 praeterea
3824 5085 3901 5140 13

539 5165 645 5202 nec
678 5148 736 5202 in
771 5156 932 5213 parte
957 5154 1272 5208 remaneat,
1309 5147 1556 5201 donetur
1581 5148 1670 5200 vel
1695 5147 1978 5201 vendatur
2002 5147 2061 5200 in
2079 5149 2167 5201 ci-
2262 5169 2553 5222 venetos
2598 5176 2903 5240 grOSSOS,
2936 5165 3007 5218 et
3044 5176 3119 5218 10
3154 5156 3328 5218 sold,
3360 5156 3524 5236 imp,
3560 5174 3691 5235 pro
3722 5176 3901 5238 quo-

535 5226 710 5280 vitate
744 5241 865 5312 nec·
885 5223 1144 5276 districtu
1182 5223 1486 5311 Cremone,
1523 5233 1583 5277 et
1625 5225 1788 5291 quod
1823 5226 1949 5279 solo
1985 5225 2164 5279 modo
2261 5252 2433 5314 libet
2474 5251 2783 5314 sextario
2829 5248 3114 5312 vendito
3158 5269 3199 5311 a
3241 5249 3536 5332 gabena·

537 5318 652 5356 una
685 5309 958 5355 securitas
991 5298 1276 5388 generalis
1311 5315 1414 5365 per
1446 5316 1598 5389 ipsos
1632 5302 1733 5354 fiat
1765 5310 2163 5389 etprestetur,
3420 5349 3432 5364 ,

535 5388 598 5434 01
629 5377 788 5446 quod
822 5393 940 5431 non
964 5385 1186 5443 possint
1209 5377 1475 5442 compelli
1501 5393 1606 5431 nec
1639 5379 1950 5444 constringi
1985 5377 2165 5430 modo
2345 5355 2519 5416 Item
2581 5354 2769 5435 (111οᾶ
2828 5353 3127 5414 debeant
3179 5350 3439 5432 depom
3504 5369 3717 5432 super
3780 5361 3897 5414 ta·

531 5455 732 5522 aliquo
766 5454 855 5508 vel
889 5453 1123 5522 ingenio
1158 5453 1267 5520 ipsi
1289 5453 1429 5508 socii
1465 5470 1567 5508 seu
1592 5454 1784 5508 noncii
1819 5470 2021 5508 eorum
2058 5471 2166 5508 1100
2260 5447 2427 5510 bula
2456 5447 2723 5529 Ugheti
2754 5447 2841 5509 de
2877 5445 3233 5528 Aldoynis
3276 5443 3578 5528 primum
3623 5443 3900 5507 denarii
