4050 6109
754 402 1139 409 ---————---.—-—-

1514 410 1656 419 ...ψ-

1165 268 1482 344 169-170.
1529 298 1611 307 —
1659 278 1732 325 A.
1791 282 1946 339 1313
1993 296 2075 305 —-—
2128 274 2404 324 SECOLO
2450 274 2614 324 XIV.

3490 282 3567 340 35

207 530 484 579 executor
519 524 620 577 vel
654 524 814 589 prior
849 539 957 577 nec
1000 510 1201 576 consul
1247 520 1534 575 dictorum
1573 518 1851 584 collegio-
1947 525 2006 572 et
2032 534 2161 573 esse
2186 518 2412 573 debeat.
2438 521 2672 574 -Item
2694 520 2906 575 eodem
2932 521 3239 576 millesimo
3258 522 3573 577 indictione

207 616 350 663 rum,
390 600 792 654 universitatis
827 609 886 653 et
930 599 1344 666 paraticorum,
1393 597 1494 665 qui
1532 596 1662 649 hinc
1698 604 1851 648 retro
1947 603 2008 648 et
2042 612 2241 649 mense
2276 604 2553 650 statutum
2589 605 2648 651 et
2681 598 3009 652 ordinatum
3048 607 3155 663 est,
3194 599 3352 665 quod
3388 599 3577 653 dictus

206 678 425 731 steterit
465 686 752 745 tanquam
790 676 1002 730 nobilis
1036 676 1094 729 in
1131 674 1321 742 platea
1357 673 1683 727 communis
1720 673 1854 724 Cre—

207 770 418 808 monae
457 764 520 807 et
555 754 852 807 societatis
889 752 1138 807 militum
1183 762 1242 805 et
1283 751 1744 819 bagordantium.
1785 750 1856 801 Et

207 831 251 884 si
281 832 720 886 contrafactum
759 830 950 893 fuerit,
988 830 1194 883 electio
1239 829 1312 883 sit
1354 830 1481 895 ipso
1517 828 1640 880 iure
1680 825 1852 880 nulla.

209 908 276 961 Et
299 908 600 962 electores
627 907 930 975 priventur
954 922 1160 961 eorum
1187 904 1465 972 collegiis,
1489 903 1859 958 universitate

207 994 260 1037 et
309 984 598 1051 paraticis
649 992 712 1038 et
760 983 1058 1037 beneficiis
1111 983 1388 1049 ipsorum.
1448 982 1592 1036 Item
1648 980 1858 1034 eodem

210 1061 530 1115 millesimo
569 1060 888 1115 indictione
931 1068 992 1115 et
1025 1076 1228 1114 mense
1267 1058 1662 1127 providerunt,
1701 1055 1862 1123 quod

211 1137 581 1204 infrascripta
618 1138 734 1192 sint
770 1138 864 1190 illa
912 1137 1174 1204 collegia,
1223 1136 1473 1203 paratica
1509 1143 1568 1188 et
1601 1142 1753 1190 artes
1789 1130 1862 1184 de

212 1214 425 1281 quibus
465 1215 536 1268 fit
575 1214 798 1269 mentio
851 1231 1026 1282 supra
1075 1222 1134 1268 et
1177 1213 1321 1267 infra
1369 1222 1425 1266 et
1462 1228 1614 1279 quae
1651 1210 1865 1263 debent

212 1292 428 1346 habere
468 1292 698 1359 priores
735 1301 794 1345 et
829 1308 892 1345 se
929 1307 1283 1357 congregare
1319 1290 1391 1343 ad
1431 1288 1866 1356 requisitionem

211 1369 340 1423 dicti
379 1368 728 1423 executoris
775 1377 836 1423 et
873 1368 1066 1421 eidem
1102 1367 1342 1420 obedire
1375 1366 1448 1419 ad
1485 1363 1869 1433 suprascripta

211 1454 267 1500 et
286 1446 671 1512 infrascripta
694 1444 1024 1499 executioni
1051 1441 1382 1497 mandanda
1418 1459 1521 1509 per
1544 1442 1734 1509 ipsum
1762 1440 1871 1493 do-

213 1523 440 1577 minum
462 1531 847 1577 executorem
872 1537 978 1588 pro
1005 1520 1225 1575 honore
1245 1520 1467 1574 domini
1492 1518 1666 1585 Regis
1689 1526 1746 1572 et
1764 1534 1871 1570 suo

212 1600 406 1654 officio
445 1597 812 1667 exequendo
836 1608 896 1652 et
919 1616 1025 1666 pro
1064 1597 1277 1651 iustitia
1312 1594 1728 1650 conservanda.
1757 1596 1873 1646 No-

215 1677 370 1731 mina
379 1692 536 1730 vero
545 1676 928 1741 collegiorum
943 1683 1080 1728 sunt
1093 1675 1254 1727 haec:
1273 1672 1592 1739 Collegium
1608 1671 1872 1725 Iudicum

214 1784 274 1793 —
300 1752 652 1819 Collegium
675 1752 1050 1805 Notariorum
1073 1782 1141 1791 —
1165 1752 1318 1805 Nota
1334 1748 1720 1816 paraticorum
1739 1754 1874 1800 sunt

217 1834 378 1885 haec:
405 1830 745 1884 Paraticum
765 1828 1258 1883 Tabernariorum
1277 1836 1336 1881 et
1349 1827 1874 1891 Albergatorum—

219 1907 560 1961 Paraticum
581 1905 989 1961 Beccariorum
1001 1936 1069 1945 —
1084 1905 1402 1958 Paraticum
1422 1906 1500 1956 Pu
1505 1902 1809 1968 gnolatoru
1817 1916 1872 1951 m

220 1986 554 2039 Citanovae
613 2013 678 2021 —-
729 1981 1054 2037 Paraticum
1104 1981 1558 2049 Pugnolatorum
1613 1977 1873 2031 omniurn

219 2064 584 2115 Sanctorum
631 2069 690 2113 et
739 2060 882 2113 citra
934 2075 1150 2126 aquam
1187 2088 1247 2097 —
1291 2056 1612 2115 Paraticum
1647 2053 1877 2120 Specia-

221 2138 448 2192 riorum
489 2146 554 2191 et
593 2138 640 2189 F
641 2136 1123 2202 ormaglariorum
1177 2164 1242 2173 —
1299 2133 1618 2187 Paraticum
1661 2130 1880 2197 Pelipa-

221 2214 448 2267 riorum
509 2228 800 2267 novorum
847 2220 910 2266 et
955 2219 1220 2265 veterum
1261 2240 1314 2248 -
1359 2205 1680 2263 Paraticum
1717 2205 1880 2259 Cale-

219 2292 532 2357 gariorum
569 2304 862 2343 novorum
901 2296 960 2341 et
992 2295 1255 2342 veterum
1282 2295 1340 2340 et
1377 2286 1788 2339 Consectorum
1815 2310 1876 2321 -—

226 2368 569 2421 Paraticum
608 2366 954 2419 Tinctorum
978 2372 1038 2418 et
1073 2365 1420 2418 Curatorum
1455 2392 1520 2401 -
1559 2359 1880 2414 Paraticum

225 2446 272 2497 F
272 2444 642 2499 errariorum
684 2470 756 2481 -
808 2440 1131 2495 Paraticum
1169 2440 1510 2493 Texitorum
1565 2436 1740 2504 panni
1781 2434 1880 2487 lini

225 2532 288 2575 et
314 2520 694 2575 Linariorum
731 2526 794 2572 et
831 2516 1264 2571 Merzadrorum
1295 2546 1354 2555 ——
1393 2516 1716 2570 Paraticum
1743 2514 1886 2565 Dra-

227 2614 448 2665 porum
465 2596 574 2667 (1),
602 2596 1010 2658 Robariorum,
1039 2594 1394 2648 Pateriorurn
1419 2602 1478 2647 et
1502 2594 1801 2645 Sertorum
1817 2618 1884 2629 -

231 2674 576 2729 Paraticum
609 2674 974 2727 Muratorum
999 2680 1060 2725 et
1079 2671 1486 2737 Magistrorum
1514 2667 1805 2723 Manariae
1822 2696 1886 2703 —

232 2753 578 2807 Paraticum
629 2750 1010 2811 piscatorum,
1056 2748 1514 2811 Mulinariorum,
1556 2744 1888 2799 Navarolio-

232 2845 366 2883 rum
394 2836 460 2883 et
499 2828 794 2881 Pistorum
821 2856 886 2865 —
914 2826 1236 2880 Paraticum
1263 2834 1322 2878 et
1359 2824 1716 2879 Universitas
1741 2827 1884 2878 Mer-

229 2906 566 2961 catandiae.
597 2904 722 2959 Sub
751 2920 872 2972 quo
893 2903 1148 2971 paratico
1167 2911 1227 2956 et
1249 2903 1359 2955 sub
1384 2918 1502 2969 qua
1519 2902 1888 2956 universitate

235 2981 671 3050 comprehendi
697 2989 760 3035 et
783 2980 1022 3049 intelligi
1046 2980 1285 3043 debent,
1313 2988 1372 3033 et
1395 2979 1478 3033 sic
1503 2978 1892 3045 intelligantur

237 3068 302 3114 et
335 3058 845 3125 comprendantur
899 3058 1010 3111 sub
1059 3056 1212 3111 dicta
1249 3056 1656 3118 mercadantia,
1695 3055 1893 3109 omnia

245 3136 358 3191 alia
393 3136 660 3204 paratica
683 3144 744 3189 et
765 3135 912 3189 aliae
948 3142 1100 3189 artes
1135 3150 1254 3187 non
1281 3132 1546 3199 superius
1569 3132 1896 3199 specificata

243 3213 336 3267 vel
374 3212 772 3281 specificatae,
823 3210 1223 3277 cuiuscunque
1271 3209 1618 3264 conditionis
1667 3209 1798 3271 sint,
1837 3218 1898 3262 et

243 3308 373 3345 esse
409 3290 679 3344 debeant
716 3288 1054 3355 suppositae
1077 3296 1136 3341 et
1159 3286 1459 3354 supposita
1493 3287 1603 3340 sub
1627 3288 1816 3353 priore
1839 3294 1898 3339 et

245 3366 594 3421 consulibus
643 3364 1071 3419 mercadantiae
1119 3372 1178 3417 et
1229 3372 1502 3429 regantur
1553 3372 1612 3417 et
1653 3379 1900 3429 congre-

247 3454 464 3513 gentur
499 3459 608 3510 per
644 3458 769 3497 eos.
809 3442 924 3509 Qui
963 3443 1119 3508 prior
1163 3451 1222 3495 et
1261 3440 1530 3494 consules
1572 3449 1896 3503 teneantur,

247 3520 494 3574 nomine
530 3528 593 3573 et
615 3519 742 3573 vice
767 3518 1051 3572 dictarum
1087 3515 1316 3578 artium,
1358 3515 1570 3570 habere
1606 3524 1664 3569 et
1687 3516 1900 3581 eligere

247 3597 401 3651 duos
439 3596 688 3663 priores,
729 3594 830 3663 qui
867 3595 982 3649 sint
1015 3594 1092 3647 de
1127 3593 1295 3647 dictis
1325 3594 1544 3647 artibus
1567 3609 1685 3647 non
1722 3592 1902 3659 speci-

251 3674 459 3735 ficatis,
484 3682 545 3727 et
571 3672 966 3739 intelligantur
989 3688 1119 3725 esse
1142 3671 1362 3737 priores
1398 3671 1650 3737 ipsarum
1671 3670 1898 3731 artium,

249 3759 309 3805 et
341 3766 503 3817 quae
539 3748 750 3802 electio
787 3747 886 3802 fiat
921 3745 1210 3813 gradatim
1244 3746 1320 3799 de
1355 3756 1476 3799 arte
1513 3746 1572 3799 in
1609 3754 1810 3801 artem.

1041 3958 1129 4011 37·

360 4074 628 4131 Rubrica
653 4080 769 4141 per
803 4074 1074 4141 quantum
1110 4076 1325 4139 tempus
1359 4088 1583 4125 cessare
1614 4071 1812 4124 debent

913 4152 1268 4201 executores.

333 4292 486 4344 Item
525 4288 740 4341 eodem
781 4284 1088 4339 millesimo
1124 4283 1438 4338 indictione
1474 4292 1532 4337 et
1566 4300 1766 4337 mense
1801 4293 1912 4338 sta-

269 4374 460 4420 tutum
500 4374 562 4418 et
601 4364 934 4416 ordinatum
984 4370 1099 4423 est,
1153 4360 1312 4428 quod
1362 4369 1636 4414 executor
1670 4361 1770 4428 qui
1807 4376 1912 4427 pro

270 4452 545 4509 tempore
582 4439 828 4506 eligetur
879 4438 1059 4491 modo
1113 4436 1410 4503 praedicto
1442 4437 1656 4490 debeat
1689 4453 1914 4490 cessare

271 4536 372 4587 per
409 4520 570 4572 duos
605 4532 793 4571 annos
829 4532 863 4567 a
899 4523 1162 4580 tempore
1197 4513 1576 4579 depositionis
1595 4513 1767 4567 officii
1803 4514 1912 4578 sui,

274 4612 378 4651 nec
415 4596 496 4649 ad
535 4594 678 4648 illud
717 4592 976 4646 officium
1014 4590 1196 4658 possit
1233 4607 1360 4644 esse
1399 4607 1588 4657 neque
1624 4590 1760 4657 eligi
1795 4591 1916 4657 ipse

269 4675 358 4727 vel
395 4669 616 4739 aliquis
669 4670 744 4723 de
799 4685 905 4721 sua
957 4668 1238 4735 progenie
1294 4667 1385 4721 vel
1437 4667 1628 4721 casali.
1666 4698 1733 4707 -
1771 4668 1916 4721 Item

271 4750 484 4805 eodem
527 4746 840 4801 millesimo
879 4746 1193 4799 indictione
1229 4753 1288 4799 et
1313 4762 1512 4801 mense
1547 4754 1826 4800 statutum
1861 4754 1920 4799 et

275 4826 616 4881 ordinatum
654 4831 763 4885 est,
812 4823 972 4889 quod
1023 4822 1296 4875 dominus
1347 4831 1622 4875 executor
1667 4822 1768 4889 qui
1813 4839 1918 4889 pro

273 4901 648 4969 temporibus
686 4899 815 4961 erit,
854 4899 927 4952 sit
962 4906 1086 4952 toto
1124 4908 1386 4965 tempore
1415 4898 1586 4953 officii
1623 4900 1710 4954 sui
1746 4908 1804 4952 et
1841 4900 1922 4951 in-

273 4980 571 5046 telligatur
599 4992 730 5029 esse
758 4975 816 5027 in
856 4991 1101 5028 numero
1136 4976 1508 5029 anzianorum
1537 4985 1596 5029 et
1618 4976 1921 5030 consulum

279 5054 484 5123 populi
525 5052 878 5113 Cremonae,
922 5060 980 5104 et
1031 5052 1105 5105 sit
1152 5060 1210 5105 et
1253 5051 1598 5117 intelligatur
1633 5069 1760 5105 esse
1794 5068 1924 5104 exe-

277 5140 442 5186 cutor
479 5128 736 5184 iustitiae
771 5135 834 5181 et
854 5126 1008 5194 prior
1031 5134 1091 5181 et
1114 5128 1295 5181 abbas
1329 5128 1585 5195 ipsorum
1622 5128 1925 5181 consulum

281 5216 338 5261 et
369 5206 756 5262 anzianorum
782 5210 842 5256 et
878 5212 1012 5258 ante
1049 5218 1151 5257 eos
1186 5203 1243 5256 in
1291 5203 1498 5257 stando
1533 5212 1592 5257 et
1626 5204 1822 5257 eundo
1856 5204 1928 5257 sit

1947 671 2223 726 dominus
2258 680 2535 726 executor
2567 672 2779 728 habeat
2802 682 2861 729 et
2884 675 3097 728 habere
3127 674 3340 728 debeat
3374 676 3579 729 autho-

1952 748 2179 801 ritatem
2215 757 2275 803 et
2308 748 2556 817 bayliam
2580 749 2831 817 eligendi
2867 751 3045 805 modo
3082 751 3439 818 infrascripto
3462 768 3582 805 am-

1954 824 2281 879 baxiatores
2316 834 2375 879 et
2408 827 2698 894 sapientes
2725 843 2857 880 cum
2883 828 3219 883 consulibus
3242 837 3303 883 et
3328 828 3581 882 anzianis

1954 916 2095 954 suae
2130 910 2350 967 portae,
2388 909 2447 955 et
2482 902 2593 956 alia
2636 904 2833 957 omnia
2872 911 2930 958 et
2964 904 3191 971 singula
3224 905 3413 959 facere
3448 920 3582 958 cum

1955 978 2039 1031 eis
2072 985 2372 1045 tamquam
2398 995 2579 1033 unum
2604 978 2929 1043 anzianum,
2967 996 3119 1048 quae
3156 982 3379 1048 possint
3401 989 3460 1035 et
3484 996 3586 1047 po-

1957 1062 2143 1109 terant
2178 1054 2257 1109 illi
2293 1055 2515 1109 anziani
2548 1072 2653 1111 seu
2678 1056 2947 1111 consules
2970 1057 3029 1109 in
3056 1058 3223 1112 cuius
3245 1066 3412 1125 porta
3433 1066 3588 1111 esset

1960 1133 2082 1199 ipse
2118 1142 2407 1197 executor,
2448 1140 2507 1187 et
2542 1134 2619 1188 ita
2654 1133 2866 1189 debeat
2900 1136 3126 1189 tractari
3162 1145 3220 1190 et
3256 1136 3453 1189 haberi
3486 1151 3588 1201 per

1958 1208 2261 1263 dominum
2298 1210 2572 1263 vicarium
2599 1219 2658 1264 et
2680 1211 3044 1279 capitaneum
3073 1221 3129 1265 et
3154 1212 3297 1266 alios
3320 1212 3589 1267 consules

1961 1294 2020 1339 et
2054 1286 2327 1339 anzianos
2362 1287 2579 1340 electos
2614 1296 2673 1341 et
2708 1305 2813 1355 pro
2864 1298 3127 1355 tempore
3163 1289 3483 1357 eligendos
3520 1318 3590 1327 —

1963 1366 2111 1416 Item
2148 1364 2359 1417 eodem
2396 1364 2703 1417 millesimo
2736 1365 3051 1421 indictione
3085 1375 3143 1419 et
3180 1382 3380 1420 mense
3415 1374 3591 1421 statu-

1962 1449 2087 1495 tum
2128 1450 2187 1494 et
2233 1440 2564 1495 ordinatum
2617 1450 2723 1505 est,
2780 1442 2942 1509 quod
2997 1443 3237 1511 aliquod
3284 1443 3590 1497 consilium

1963 1518 2257 1584 publicum
2296 1518 2384 1571 vel
2422 1519 2708 1583 privatum
2756 1536 2874 1573 non
2926 1521 3105 1586 possit
3141 1520 3262 1575 fieri
3298 1538 3401 1588 per
3435 1521 3591 1587 ipsos

1965 1602 2215 1648 rectores
2252 1596 2339 1647 vel
2378 1595 2630 1662 aliquem
2668 1612 2871 1650 eorum
2905 1598 3015 1651 nisi
3052 1613 3124 1651 eo
3160 1606 3465 1665 praesente
3500 1598 3591 1649 vel

1965 1671 2169 1727 saltem
2206 1674 2379 1727 citato
2420 1682 2480 1726 et
2524 1673 2817 1740 requisitO,
2855 1673 2931 1726 de
2965 1691 3081 1741 qua
3120 1675 3391 1728 citatione
3416 1684 3473 1729 et
3508 1690 3594 1727 re-

1965 1749 2277 1815 quisitione
2314 1750 2373 1801 in
2412 1750 2636 1816 scriptis
2660 1760 2954 1817 appareat,
2993 1752 3157 1805 salvo
3191 1751 3352 1819 quod
3380 1752 3436 1804 in
3459 1751 3596 1818 ipsis

1967 1826 2218 1878 consiliis
2255 1825 2461 1879 fiendis
2496 1826 2587 1878 vel
2626 1842 2743 1879 non
2782 1826 2986 1881 fiendis
3028 1828 3307 1881 maiorem
3346 1828 3594 1895 bayliam

1967 1902 2183 1955 habere
2218 1918 2337 1956 non
2373 1902 2723 1969 intelligatur
2758 1920 2933 1971 quam
2972 1920 3122 1958 unus
3158 1922 3230 1957 ex
3260 1905 3503 1959 antianis
3538 1912 3597 1957 et

1967 1979 2301 2032 consulibus
2346 1979 2547 2046 populi
2586 1981 2930 2035 Cremonae.
2980 1983 3145 2047 Quae
3189 1982 3427 2049 quidem
3463 1997 3599 2034 con-

1968 2055 2095 2109 silia
2128 2064 2378 2109 rectores
2414 2056 2605 2109 fienda
2640 2073 2743 2123 per
2777 2074 3090 2112 commune
3138 2061 3479 2121 Cremonae,
3517 2067 3599 2111 te-

1971 2140 2219 2185 neantur
2255 2133 2361 2198 ipsi
2397 2141 2648 2187 rectores
2674 2136 2917 2189 vicarius
2940 2143 2998 2189 et
3025 2136 3359 2202 capitaneus
3395 2144 3453 2189 et
3476 2134 3601 2202 qui-

1972 2209 2114 2263 libet
2168 2224 2373 2263 eorum
2418 2218 2477 2263 et
2522 2210 2677 2263 vices
2724 2228 2927 2265 eorum
2976 2222 3243 2278 gerentes
3288 2212 3474 2265 facere
3526 2211 3600 2265 de

1973 2294 2169 2339 cetero
2204 2294 2263 2340 et
2296 2302 2651 2353 congregare
2699 2288 2759 2341 in
2802 2289 3047 2342 cameri-s
3089 2289 3285 2356 palatii
3340 2289 3476 2341 novi
3512 2288 3603 2339 vel

1974 2362 2183 2415 veteris
2206 2363 2531 2417 communis
2552 2364 2893 2427 Cremonae,
2918 2366 3019 2419 ubi
3036 2372 3463 2419 consueverunt
3480 2365 3605 2430 ipsa

1975 2438 2215 2492 consilia
2250 2438 2526 2493 celebrari
2548 2450 2609 2493 et
2631 2456 2747 2493 non
2784 2440 2939 2495 alibi.
2977 2470 3042 2483 —
3070 2444 3217 2495 Item
3246 2442 3455 2495 eodem
3480 2439 3605 2493 mil-

1977 2514 2181 2569 lesimo
2218 2515 2529 2569 indictione
2552 2525 2612 2570 et
2635 2532 2835 2571 mense
2868 2526 3147 2571 statutum
3184 2527 3243 2571 et
3276 2516 3605 2571 ordinatum

1977 2601 2085 2655 est,
2123 2592 2285 2660 quod
2320 2592 2505 2647 dictus
2532 2592 2805 2647 dominus
2826 2603 3101 2648 executor
3131 2604 3396 2649 teneatur
3430 2602 3489 2648 et
3505 2594 3606 2647 de-

1980 2671 2115 2725 beat
2136 2669 2399 2737 quolibet
2434 2685 2652 2731 mense,
2678 2669 2945 2725 videlicet
2978 2673 3163 2739 prima
3200 2672 3295 2725 die
3316 2670 3607 2724 dominica

1981 2746 2287 2801 cuiuslibet
2338 2747 2555 2799 mensis
2598 2748 2803 2802 saltem
2850 2758 2909 2802 et
2954 2750 3083 2815 plus
3128 2749 3173 2803 si
3218 2747 3608 2802 necessarium

1981 2823 2171 2885 suerit,
2208 2839 2529 2877 convocare
2580 2840 2755 2891 super
2804 2824 3019 2891 palatio
3062 2825 3485 2880 mercatandiae
3518 2840 3613 2877 su-

1983 2900 2331 2967 prascriptos
2354 2900 2622 2955 consules
2646 2901 2931 2955 dictorum
2956 2902 3331 2968 collegiorum
3356 2901 3612 2956 iudicum

1985 2986 2045 3031 et
2080 2978 2437 3031 notariorum
2472 2985 2531 3032 et
2566 2979 2993 3032 mercatandiae
3028 2988 3089 3032 et
3111 2980 3329 3045 priores
3356 2980 3613 3045 ipsorum

1985 3053 2361 3119 collegiorum
2407 3062 2465 3107 et
2506 3056 3025 3121 suprascriptorum
3080 3056 3461 3123 paraticorum
3510 3070 3615 3107 seu

1988 3130 2197 3185 artium
2234 3130 2677 3195 praedictarum,
2701 3148 2833 3185 cum
2864 3140 3113 3199 quatuor
3136 3132 3489 3199 sapientibus
3516 3147 3619 3197 per

1991 3215 2217 3273 portam
2253 3214 2312 3261 et
2348 3206 2421 3258 de
2470 3209 2691 3273 populo
2736 3216 2959 3263 tantum
3008 3210 3111 3276 qui
3162 3210 3275 3263 sint
3318 3217 3481 3261 extra
3516 3223 3619 3261 nu-

1992 3300 2217 3337 merum
2256 3282 2540 3338 dictorum
2566 3294 2625 3337 et
2648 3286 3024 3352 collegiorum
3060 3294 3120 3340 et
3144 3286 3547 3353 paraticorum,
3568 3284 3616 3337 si

1991 3361 2150 3414 dicto
2172 3362 2465 3415 executori
2492 3370 2551 3414 et
2574 3363 2907 3415 consulibus
2943 3378 3048 3429 pro
3086 3362 3308 3417 meliori
3330 3362 3620 3415 videbitur

1995 3438 2143 3491 ultra
2180 3454 2485 3491 numerum
2522 3439 2649 3491 illos
2686 3448 2937 3505 quatuor
2972 3457 3311 3495 convocare.
3352 3442 3425 3494 Et
3459 3439 3621 3508 quod

1995 3531 2138 3568 voce
2161 3515 2463 3581 praeconis
2499 3517 2815 3581 praemissa
2838 3526 2897 3569 et
2932 3518 3171 3571 consilio
3198 3517 3623 3572 mercatandiae

1997 3592 2245 3659 pulsat0,
2284 3592 2603 3645 secundum
2640 3593 2799 3660 quod
2846 3594 2971 3647 eius
3006 3595 3294 3649 videbitur
3326 3594 3620 3663 expedire,

1997 3679 2058 3723 et
2094 3671 2239 3723 inter
2280 3669 2434 3736 ipsos
2478 3669 2558 3722 sic
2610 3681 3011 3737 congregatOS,
3068 3681 3404 3738 propostam
3439 3673 3625 3725 facere

1997 3746 2330 3813 generalem
2366 3762 2541 3812 super
2574 3748 2733 3800 bono
2776 3756 2929 3803 statu
2966 3749 3209 3803 civitatis
3245 3757 3302 3802 et
3335 3748 3627 3802 districtus

1999 3825 2323 3877 Cremonae
2348 3832 2407 3877 et
2430 3824 2717 3877 dictorum
2750 3825 3125 3891 collegiorum
3150 3835 3210 3879 et
3242 3826 3627 3891 paraticorum

2000 3909 2061 3954 et
2085 3900 2293 3953 artium
2312 3908 2369 3954 et
2386 3900 2728 3966 generaliter
2750 3904 2926 3957 totius
2950 3904 3179 3969 populis
3198 3902 3626 3962 Cremonensis,

2001 3986 2061 4031 et
2094 3978 2171 4031 ad
2220 3978 2501 4031 honorem
2556 3978 2921 4044 potissimum
2972 3989 3032 4033 et
3082 3981 3485 4035 exaltationem
3528 3978 3631 4031 do-

2003 4054 2145 4107 mini
2180 4054 2360 4107 nostri
2401 4055 2596 4120 Regis,
2626 4064 2685 4109 et
2718 4056 2793 4109 ad
2828 4064 3041 4111 statum
3076 4068 3419 4125 perpetuum
3444 4064 3503 4109 et
3530 4056 3632 4107 bo-

2007 4148 2139 4185 nam
2180 4131 2508 4185 firmitatem
2544 4132 2721 4186 totius
2758 4133 2955 4199 populi
2992 4142 3051 4187 et
3084 4134 3410 4187 communis
3444 4140 3503 4185 et
3528 4148 3631 4199 pro

2006 4208 2223 4261 iustitia
2256 4208 2668 4265 conservanda.
2706 4210 2780 4263 Et
2814 4210 3092 4277 quicquid
3128 4210 3498 4276 providerint,
3535 4208 3632 4261 de-

2007 4285 2376 4339 liberaverint
2429 4294 2487 4339 et
2538 4285 2931 4340 ordinaverint
2980 4303 3107 4340 esse
3156 4287 3503 4347 faciendum,
3553 4294 3633 4339 te-

2009 4371 2255 4417 neantur
2279 4362 2500 4415 domini
2530 4363 2883 4429 capitaneuS,
2914 4364 3181 4417 consules
3206 4373 3265 4417 et
3288 4364 3511 4417 anziani
3534 4379 3635 4430 po—

2010 4440 2131 4506 puli
2169 4440 2493 4491 Cremonae
2528 4456 2746 4505 ponere
2781 4440 2855 4492 ad
2891 4441 3195 4493 consilium
3229 4442 3498 4507 generale
3535 4457 3635 4506 po-

2013 4516 2131 4582 puli
2168 4530 2343 4568 omne
2380 4516 2437 4568 id
2486 4525 2546 4568 et
2587 4524 2775 4569 totum
2828 4517 2988 4584 quod
3045 4517 3213 4573 fuerit
3252 4517 3632 4570 deliberatum

2012 4608 2116 4658 per
2152 4592 2308 4658 ipsos
2352 4602 2743 4656 executorem,
2791 4594 3059 4647 consules
3109 4604 3167 4647 et
3209 4594 3446 4660 prioreS,
3484 4600 3545 4646 et
3578 4592 3634 4645 in

2015 4668 2257 4721 consilio
2292 4677 2625 4735 propostam
2662 4670 2852 4724 facere
2895 4672 2971 4723 ad
3016 4671 3451 4737 requisitionem
3489 4670 3640 4735 ipso-

2015 4762 2143 4799 rum
2168 4746 2510 4808 executoriS,
2536 4747 2860 4809 consulum,
2886 4747 3258 4801 anzianorum
3276 4755 3337 4800 et
3356 4746 3637 4812 priorum,

2015 4831 2076 4875 et
2103 4823 2159 4875 in
2197 4839 2317 4891 quo
2352 4822 2594 4876 consilio
2629 4823 2743 4877 sint
2780 4831 2839 4876 et
2880 4840 3009 4877 esse
3050 4823 3303 4877 debeant
3336 4824 3409 4876 ad
3447 4823 3641 4875 minus

2018 4900 2116 4951 CC
2150 4898 2526 4955 credenderii.
2566 4902 2640 4954 Et
2674 4916 2850 4953 omne
2872 4900 3015 4954 illud
3038 4908 3097 4953 et
3118 4909 3305 4953 totum
3332 4890 3495 4968 quod
3514 4900 3642 4952 fue-

2019 4976 2092 5029 rit
2126 4976 2439 5029 stabilitum
2476 4993 2579 5043 per
2612 4977 2890 5031 maiorem
2946 4984 3166 5044 partem
3204 4976 3381 5043 ipsius
3421 4974 3643 5029 consilii

2019 5060 2325 5107 teneantur
2348 5052 2571 5107 domini
2591 5054 2836 5107 vicarius
2871 5062 2931 5108 et
2964 5054 3297 5122 capitaneus
3321 5062 3380 5107 et
3403 5051 3647 5120 quilibet

2021 5146 2227 5184 eorum
2262 5138 2321 5183 et
2363 5130 2459 5183 alii
2510 5138 2762 5185 rectores
2814 5140 2873 5185 et
2918 5132 3192 5186 officiales
3235 5130 3550 5184 existentes
3584 5127 3645 5180 in

2023 5207 2373 5261 Cremmona
2408 5222 2515 5273 pro
2549 5209 2845 5263 communi
2880 5218 2941 5263 et
2972 5210 3127 5277 regia
3162 5208 3461 5263 maiestate
3496 5206 3647 5259 inte-

1870 5370 2470 5380 ———-—————————.—

349 5479 408 5530 (ι)
435 5476 786 5529 Drapmbrum
803 5476 833 5517 .9
