4050 6109
19 6039 44 6074 p-

1185 292 1420 365 18-42.
1465 322 1547 332 —
1595 300 1670 349 A.
1726 306 1904 365 1303.
1951 323 2036 333 —-
2080 301 2355 353 SECOLO
2400 304 2563 354 XIV.
3512 312 3547 374 5

193 418 3542 453 Q

191 558 280 618 30.
323 577 410 586 —
461 561 646 621 1303,
695 540 787 608 id.
834 542 923 607 id.
970 544 1066 620 D,
1115 565 1216 624 34.

267 676 521 742 Abbas
551 680 883 761 gabellae
909 680 1283 745 denunciat
1306 689 1376 744 et
1397 690 1827 762 protestatur

188 772 546 853 praedicto
595 772 956 838 Sandonio
1001 784 1079 838 ut
1121 777 1210 839 ab
1256 774 1466 838 hodie
1509 774 1580 837 in
1623 782 1826 837 antea

187 886 324 928 11011
386 867 646 931 debeat
713 869 1018 950 amplius
1077 868 1525 934 damnificare
1579 869 1824 951 gabel-

187 958 320 1021 lam
368 968 440 1023 et
485 980 883 1025 commune.

187 1149 268 1209 31.
311 1168 398 1179 -
451 1152 638 1211 1303,
669 1132 818 1197 iun.
859 1154 953 1214 19,
995 1134 1364 1201 Cremonae
1397 1139 1608 1217 super
1637 1132 1826 1197 domo

257 1223 412 1307 gab.
457 1226 560 1301 D,
613 1230 717 1305 36.

266 1357 636 1425 Correrius
684 1362 854 1427 dicit
887 1364 1316 1446 praecipisse
1355 1363 1709 1427 Sandonio
1741 1364 1827 1427 de

185 1454 431 1517 Lalora
475 1475 574 1518 ex
618 1466 823 1538 parte
884 1457 1216 1522 abbatum
1261 1470 1340 1522 ut
1384 1458 1618 1521 veniat
1663 1468 1826 1522 ante

187 1568 524 1630 vesperos
569 1550 664 1613 ad
707 1551 1136 1617 audiendum
1181 1552 1616 1617 sententiam.

187 1753 278 1811 32.
323 1770 409 1781 -·
463 1755 488 1797 1
505 1754 652 1813 303,
685 1734 776 1799 id.
807 1733 896 1799 id.
943 1734 1135 1820 (lecta
1178 1736 1252 1800 in
1281 1735 1556 1801 consilio
1589 1735 1839 1823 populi

267 1847 347 1906 23
393 1826 580 1913 iun.)
627 1830 725 1903 D,
775 1848 874 1909 35,
925 1849 1026 1911 37.

263 1962 619 2026 Baldesar
683 1964 772 2027 de
828 1964 1257 2040 PicenardiS,
1315 1966 1676 2030 Nicolinus
1743 1968 1830 2030 de

187 2055 540 2133 ArtuxiiS,
587 2056 962 2141 Egidiolus
1015 2060 1102 2121 de
1155 2060 1724 2135 MultisdenariiS,
1763 2070 1833 2124 et

187 2150 674 2214 Camundinus
719 2152 808 2214 de
852 2152 1308 2226 Raimundis,
1356 2154 1667 2231 abbateS,
1713 2155 1831 2218 ab·

185 2254 384 2307 sente
429 2243 818 2319 Sandonio,
863 2246 1293 2310 sententiant
1337 2248 1530 2329 quod
1558 2246 1830 2311 modius

185 2337 556 2401 veneticus
601 2339 772 2402 salis
831 2340 1381 2421 comprehendat
1434 2350 1702 2405 tantum
1751 2360 1829 2421 23

185 2432 502 2495 sextaria
546 2442 618 2496 et
661 2432 943 2509 minam,
990 2442 1060 2497 et
1118 2434 1502 2498 sextarium
1548 2455 1829 2517 compu-

185 2536 376 2590 tetur
419 2528 514 2589 ad
557 2527 904 2591 rationem
952 2546 988 2609 5
1033 2528 1358 2608 pensium
1403 2537 1475 2592 et
1532 2547 1567 2608 5
1626 2528 1830 2593 libra-

185 2641 342 2683 rum
400 2629 472 2683 et
527 2624 566 2684 8
628 2622 1015 2697 untiarum,
1083 2633 1443 2686 reservato
1511 2622 1830 2704 gabellae

189 2715 338 2777 iure
373 2713 723 2797 acquisito
745 2736 876 2797 pro
901 2716 1048 2779 sale
1073 2715 1359 2779 vendito
1383 2716 1613 2780 minus
1645 2716 1831 2780 dicta

189 2828 412 2891 pensa
437 2829 498 2871 -a
543 2820 860 2891 tempore
905 2817 1306 2873 contractus
1352 2810 1545 2874 citra.

187 2999 277 3059 33.
325 3017 414 3026 -
469 2999 654 3058 1303,
700 2976 846 3042 iun.
912 3000 1011 3055 21,
1077 2980 1132 3053 I,
1203 2978 1567 3045 Cremonae
1621 2984 1832 3065 super

267 3072 470 3137 domo
506 3072 833 3159 gabellae.
882 3074 977 3146 D,
1027 3078 1128 3153 38.

261 3212 526 3277 Abbas
585 3212 908 3296 gabellae
963 3232 1096 3294 pro
1155 3232 1232 3275 se
1289 3222 1360 3275 et
1415 3211 1626 3277 sociis
1683 3211 1828 3275 suis

186 3306 548 3369 Sandonio
593 3307 683 3370 de
729 3307 982 3371 Lalora
1009 3306 1258 3370 eadem
1291 3314 1721 3387 protestatur
1759 3315 1830 3369 et

188 3400 572 3465 denunciat
608 3420 790 3483 quae
820 3400 934 3464 die
969 3420 1001 3461 2
1039 3412 1110 3465 et
1148 3404 1219 3464 18
1253 3397 1394 3462 iun.
1427 3399 1536 3483 (V.
1569 3420 1630 3463 a.
1671 3420 1826 3479 1303

188 3494 328 3559 iun.
379 3514 414 3557 2
465 3504 537 3559 et
581 3492 724 3558 iun.
779 3495 896 3576 18).

191 3704 282 3763 34.
327 3721 416 3730 —
471 3703 653 3763 1303,
701 3681 790 3747 id.
840 3680 928 3747 id.
975 3682 1072 3755 D,
1113 3702 1212 3763 39.

263 3819 688 3884 Praedictus
753 3819 974 3883 abbas
1033 3818 1410 3881 denunciat
1469 3815 1825 3879 Sandonio

191 3924 258 3977 ut
281 3916 623 3977 observet
655 3912 1073 3977 sententiam
1103 3932 1232 3975 nec
1262 3912 1445 3975 ultra
1467 3910 1826 3993 permittat

196 4006 458 4091 aliquid
503 4006 658 4070 fieri
695 4006 768 4069 in
798 4004 1292 4069 detrimentum
1325 4004 1664 4087 gabellae,
1696 4004 1826 4067 sub

194 4102 436 4182 poenis
482 4100 848 4164 contentis.
877 4098 952 4163 in
996 4108 1378 4164 contractu.

197 4291 286 4351 35.
329 4310 418 4319 -
461 4270 612 4335 iun.
663 4291 764 4350 31,
816 4268 1205 4335 Cremonae.
1249 4270 1343 4347 D,
1396 4288 1498 4347 40.

275 4410 531 4473 Abbas
555 4406 877 4491 gabellae
899 4404 1246 4489 praecipit
1273 4402 1608 4467 massario
1640 4403 1828 4486 quod

201 4524 434 4568 omnes
467 4502 742 4567 denarii
775 4502 863 4563 de
899 4500 1044 4564 sale
1078 4501 1164 4562 de
1209 4499 1433 4563 tribus
1474 4498 1830 4560 mensibus

199 4596 592 4678 praeteritis
615 4604 687 4658 et
707 4593 1051 4676 proximis
1083 4592 1446 4657 solvantur
1474 4590 1830 4653 Sandonio

200 4712 320 4772 pro
356 4690 874 4772 complemento
906 4685 1286 4751 solucionis
1324 4685 1490 4749 salis
1521 4685 1641 4766 qui
1673 4704 1834 4749 ven-

202 4786 378 4848 ditus
419 4804 568 4847 non
600 4792 710 4846 est
737 4782 1122 4845 secundum
1157 4788 1368 4861 pacta
1411 4786 1828 4843 contractuS.

203 4962 292 5037 36.
331 4996 414 5005 -
469 4976 656 5036 1303,
703 4952 793 5019 id.
839 4952 928 5017 id.
975 4954 1072 5027 D,
1107 4972 1210 5031 41.

280 5096 470 5160 Idem
519 5094 746 5157 abbas
787 5089 1132 5173 praecipit
1161 5087 1456 5153 Graciae
1487 5088 1574 5150 de
1595 5086 1830 5149 Firmo

209 5188 462 5252 sindico
509 5185 827 5271 generali
873 5183 1261 5248 communis
1293 5192 1368 5245 ut
1398 5182 1725 5244 observet
1763 5188 1832 5243 et

212 5281 406 5345 faciat
449 5280 818 5345 observari
863 5296 1271 5360 processum
1317 5286 1386 5339 et
1415 5274 1831 5338 sententiam

211 5387 436 5440 contra
481 5374 846 5458 QuirinOS,
905 5393 1036 5436 nec
1091 5370 1594 5455 querimoniam
1660 5367 1828 5431 reci-

211 5470 360 5552 piat,
403 5482 473 5535 et
503 5472 597 5534 ab
629 5468 787 5531 aliis
819 5478 1194 5549 receptam,
1228 5468 1456 5529 casset
1486 5472 1555 5525 et
1587 5461 1826 5525 irritet.

1919 562 2016 624 37.
2054 582 2137 593 —
2181 569 2202 609 1
2216 567 2358 626 303,
2399 569 2420 610 1
2434 552 2471 611 8
2512 546 2631 612 iul.
2688 547 2999 613 Venetz’zlr.
3039 548 3194 613 Dal
3224 549 3543 615 lldz‘notto.

2006 638 2190 703 Acta
2254 645 2324 704 et
2375 639 2676 726 Dz'plom.
2743 662 2778 705 e
2833 645 2923 708 R.
2996 642 3355 708 Tabularz'o
3426 645 3543 708 Ve-

2005 735 2179 808 neto,
2225 734 2362 808 III,
2416 755 2467 809 1,
2522 756 2659 798 121.

2005 868 2176 932 Dux
2219 870 2705 947 Venetiarurn,
2750 874 3328 938 ambaxatoribus
3372 894 3549 937 mar-

1924 962 2199 1027 chionis
2242 964 2559 1029 Estensis
2605 975 2676 1030 et
2718 966 3095 1043 Ferrariae‚
3147 969 3437 1031 Parmae
3481 977 3552 1031 et

1921 1054 2324 1133 Cremonae,
2348 1060 2749 1141 petentibus
2772 1069 2849 1124 ut
2872 1060 3165 1125 facultas
3191 1061 3323 1124 sibi
3349 1063 3551 1125 detur

1923 1152 2338 1215 extrahendi
2384 1153 2537 1215 sine
2587 1154 2777 1217 datio
2834 1154 3119 1217 bladum
3174 1164 3245 1219 et
3301 1155 3553 1217 condu-

1922 1243 2127 1307 cendi
2170 1244 2241 1307 in
2272 1266 2434 1308 suas
2465 1246 2803 1323 civitates,
2833 1248 3211 1329 respondet
3242 1248 3431 1330 quod
3462 1249 3551 1310 ad

1921 1357 2257 1419 praesens
2287 1339 2695 1421 petitionem
2729 1361 2968 1406 eorum
2998 1342 3367 1405 admittere
3410 1361 3551 1404 non

1923 1441 2201 1513 poterat
2243 1434 2394 1497 sine
2436 1434 2749 1517 periculo
2794 1435 3137 1499 caristiae.

1924 1643 2021 1716 38.
2071 1674 2147 1685 —-
2204 1658 2383 1718 1303,
2429 1660 2587 1725 aug.
2633 1644 2692 1714 6,
2724 1640 2779 1717 I,
2807 1647 3017 1727 super
3046 1639 3310 1727 palatio
3341 1642 3559 1708 veteri

2021 1730 2404 1796 Cremonae.

2009 1868 2505 1933 Procuratores
2572 1871 2659 1933 de
2724 1870 3032 1954 Quirinis
3105 1873 3193 1936 de
3233 1873 3552 1938 Venetiis

1925 1962 2285 2042 postulant
2327 1984 2369 2026 a
2410 1973 2756 2045 potestate
2801 1966 3166 2046 capitaneo
3198 1975 3270 2029 et
3305 1986 3551 2031 consu-

1925 2054 2109 2119 libus
2154 2066 2223 2119 et
2267 2056 2567 2121 antianis
2626 2068 2704 2121 ut
2760 2069 3035 2123 cassent
3092 2068 3163 2122 et
3217 2070 3551 2124 revocent

1926 2150 2339 2213 sententiam
2405 2150 2615 2215 officii
2667 2152 2985 2235 gabellae
3043 2162 3287 2217 contra
3346 2164 3553 2237 pacta

1927 2251 2324 2307 contractus
2356 2246 2443 2308 de
2488 2244 2680 2309 datio
2712 2245 2898 2320 saIiS,
2929 2246 3067 2312 iun.
3116 2268 3210 2328 19.

1925 2469 2020 2528 39.
2067 2486 2149 2495 —
2202 2470 2379 2530 1303,
2426 2472 2583 2537 aug.
2634 2472 2689 2533 7,
2736 2452 2789 2529 I,
2849 2453 3233 2519 Cremonae.

2009 2582 2486 2649 Inventarium
2528 2588 2873 2651 bonorum
2916 2589 3323 2653 hereditatis
3362 2590 3579 2659 Iaco-.

1926 2676 2095 2742 mini
2120 2680 2206 2743 de
2218 2679 2777 2755 ArchidiaconiS,
2792 2680 2837 2743 f.
2852 2682 3202 2764 quondam
3214 2682 3549 2749 Guidetti.

1991 2866 2053 2919 Si
2090 2866 2201 2920 cita
2236 2882 2353 2920 una
2386 2882 2537 2931 casa,
2575 2883 2678 2933 per
2714 2868 2769 2920 la
2803 2876 3007 2935 quarta
3032 2877 3211 2936 parte,
3250 2869 3307 2922 in
3342 2869 3549 2924 vicinia

1925 2943 2127 2996 maiori
2167 2944 2370 2998 Portae
2408 2944 2673 2999 Pertuxii.
2719 2945 2855 3013 (Era
2890 2944 3041 2999 nella
3074 2945 3166 2999 via
3200 2946 3360 3001 detta
3392 2946 3549 3015 degli

1923 3019 2311 3085 Arcidiaconi,
2350 3037 2385 3075 e
2420 3036 2523 3075 ora
2558 3021 2865 3079 Beccherie
2898 3022 3175 3093 vecchie).

1922 3246 2020 3306 40.
2052 3264 2135 3273 —-
2174 3247 2353 3307 1303,
2397 3248 2549 3292 nov.
2598 3248 2696 3309 27,
2732 3228 2827 3303 II,
2884 3230 3265 3295 Cremonae.
3312 3230 3406 3305 D,
3445 3248 3548 3311 45.

2007 3364 2462 3439 Investitura,
2526 3365 2809 3430 nomine
2874 3364 3052 3441 ficti,
3120 3366 3206 3430 de
3272 3366 3543 3430 duabus

1921 3458 2143 3541 peciis
2186 3470 2413 3523 terrae
2458 3460 2737 3542 glareae
2782 3460 2973 3533 Padi,
3018 3459 3203 3523 facta
3261 3480 3389 3542 per
3428 3462 3547 3523 ab-

1921 3554 2124 3617 bates
2168 3553 2505 3637 gabellae,
2549 3552 3021 3617 Branchinurn
3066 3553 3153 3616 de
3196 3552 3441 3617 Zochis
3477 3563 3549 3616 et

1921 3646 2337 3729 magistrum
2380 3646 2803 3709 Andriolum
2834 3648 2922 3710 de
2950 3645 3209 3721 Platea,
3239 3647 3311 3709 in
3341 3646 3546 3709 Paxi-

1920 3760 2089 3804 num
2132 3742 2221 3803 de
2264 3738 2668 3822 Gosalengo
2712 3751 2783 3804 et
2824 3739 3413 3803 Lanfranchinum
3458 3740 3545 3804 de

1922 3832 2301 3899 Cavaleriis
2346 3845 2418 3898 et
2460 3833 2734 3897 Salsam
2778 3834 2866 3897 de
2910 3834 3176 3898 ZochiS.

1921 4060 2008 4119 41.
2055 4076 2139 4087 —
2192 4058 2381 4119 1303,
2426 4037 2557 4101 dec.
2607 4058 2664 4117 3,
2712 4038 2806 4112 II,
2866 4037 3252 4102 Cremonae.
3300 4039 3395 4114 D,
3443 4041 3543 4118 46.

2003 4178 2428 4242 Investitura
2472 4178 2560 4240 de
2605 4177 2874 4240 duabus
2936 4175 3146 4257 petiis
3188 4187 3413 4239 terrae
3456 4175 3547 4239 ad

1923 4272 1995 4336 S.
2041 4270 2471 4335 Cismontum
2515 4269 2701 4334 facta
2728 4289 2856 4351 per
2890 4271 3181 4334 abbates
3212 4269 3545 4353 gabellae,

1923 4365 2297 4430 Cabrinum
2342 4367 2429 4428 de
2471 4365 2961 4427 Landarescha
3004 4375 3075 4428 et
3129 4363 3547 4427 Coradinum

1925 4462 2012 4524 de
2070 4460 2287 4531 Ciria,
2346 4458 2419 4521 in
2475 4458 2909 4522 Bertolinum
2968 4458 3055 4521 de
3113 4456 3545 4540 Bagnar010,

1923 4553 2438 4619 Manfredinum
2483 4554 2569 4617 de
2612 4550 3019 4625 AssandriS,
3086 4549 3547 4615 Graciadeum

1924 4646 2457 4712 Mendonerium
2478 4692 2493 4720 ,
2545 4658 2613 4709 et
2663 4645 3061 4711 Nicolinum
3126 4646 3214 4710 de
3272 4643 3546 4707 Comes-

1927 4742 2147 4807 sadi0.

1924 4966 2020 5027 42.
2068 4982 2151 4993 —-
2204 4965 2381 5025 1303,
2428 4944 2562 5009 dec.
2608 4963 2665 5026 5,
2712 4944 2806 5018 II,
2863 4945 3247 5010 Cremonae.
3300 4946 3395 5019 D,
3442 4965 3545 5025 47.

2011 5082 2407 5148 Sandonius
2431 5084 2516 5146 de
2539 5082 2789 5145 Lalora
2811 5080 3179 5145 confitetur
3201 5080 3549 5164 recepisse

1925 5177 2249 5241 denarios
2292 5198 2420 5259 pro
2450 5177 2592 5240 sale
2623 5176 2787 5240 dato
2816 5176 2903 5238 de
2932 5174 3070 5238 illis
3104 5195 3267 5254 2400
3296 5175 3549 5239 modiis

1927 5272 2110 5347 salis,
2136 5292 2312 5354 quos
2344 5271 2551 5333 debet
2582 5271 2885 5332 vendere
2916 5268 3265 5332 communi
3306 5289 3547 5331 secun-

1927 5368 2094 5429 dum
2136 5365 2428 5427 formam
2472 5372 2889 5436 contractuS,
2929 5382 3151 5444 usque
3182 5363 3271 5424 ad
3313 5362 3547 5425 kalen-

1928 5460 2054 5524 das
2096 5457 2499 5521 novembris
2542 5458 2977 5541 praeteritas
