4050 6109
543 293 566 334 1
587 291 682 355 54-

1540 284 1810 334 CODICE
1854 284 2380 334 DIPLOMATICO
2424 284 2884 334 CREMONESE

534 551 638 611 172
707 567 790 578 —
830 550 1008 610 1305,
1039 534 1204 614 sept.
1241 535 1333 602 16,
1369 530 1500 604 III,
1544 530 1926 595 Cremonae.
1959 528 2029 600 C,
2067 533 2160 592 16.

619 667 940 731 Provisio
987 667 1305 749 gabellae
1350 668 1541 748 quod
1569 665 1827 749 Egidio
1853 667 1940 728 de
1982 667 2162 730 Lon-

521 763 930 845 ·goverdore
975 761 1429 823 restituantur
1491 761 1791 842 pignora
1841 761 2165 841 deposita

534 874 750 936 penes
789 853 1196 917 massarium
1230 854 1548 937 gabellae
1590 853 1957 917 occasione
1999 873 2161 917 con-

519 948 994 1010 demnationis
1048 967 1123 1010 10
1167 947 1320 1010 libr.
1367 947 1532 1029 imp.
1577 946 1650 1008 in
1696 967 1854 1008 eum
1885 957 1955 1009 et
1984 946 2161 1010 alios

530 1040 753 1104 factae
799 1041 964 1104 olim
999 1061 1127 1122 per
1156 1041 1500 1104 sindicum
1532 1041 1919 1104 communis
1951 1059 2163 1121 super
2205 1041 2207 1044 ’

516 1155 614 1198 -eo
637 1135 828 1218 quod
863 1154 1004 1196 non
1036 1135 1369 1198 tenebant
1393 1155 1612 1217 equos
1637 1133 1738 1196 eis
1769 1133 2158 1214 impositOS‚

521 1249 746 1311 -quum
791 1229 1050 1306 ini-usta
1093 1227 1378 1290 inventa
1420 1227 1686 1291 fuisset.

522 1436 652 1497 173.
705 1453 780 1462 ——
835 1436 1012 1495 1305,
1059 1420 1178 1478 oct.
1231 1435 1329 1494 25,
1377 1415 1511 1492 IV,
1563 1414 1606 1478 l.
1649 1419 1861 1498 super
1894 1413 2158 1497 palatio

605 1508 757 1593 gab.
815 1510 1197 1573 Cremonae.
1250 1509 1321 1574 C.
1376 1529 1512 1589 170.

611 1645 928 1710 Provisio
975 1645 1184 1709 officii
1229 1647 1566 1729 gabellae,
1622 1647 2006 1709 secundum
2054 1665 2158 1708 re-

523 1739 974 1804 formationes
1019 1739 1465 1803 consiliorum
1513 1739 1919 1812 communiS‚
1967 1740 2159 1821 quod

528 1835 616 1897 de
657 1853 867 1898 avere
912 1834 1227 1917 gabellae
1272 1845 1591 1896 emantur
1623 1852 1761 1895 una
1791 1832 2041 1895 domus
2070 1833 2160 1894 ad

527 1940 900 1992 cantonum
966 1928 1166 1990 iuxta
1230 1927 1578 2008 porticum
1641 1927 1712 1989 S.
1759 1924 2024 1988 Mathei
2090 1936 2160 1989 et

525 2023 744 2084 altera
789 2022 1038 2083 domus
1081 2022 1152 2083 in
1199 2019 1458 2084 vicinia
1501 2020 1571 2083 S.
1617 2019 1890 2082 Nicolai
1935 2028 2005 2082 et
2044 2019 2159 2081 de-

528 2115 901 2178 moliantur
943 2125 1020 2176 ut
1064 2127 1320 2178 stratae
1357 2113 1733 2195 ampliores
1777 2112 1936 2175 sint.
1981 2113 2159 2175 Item

527 2209 718 2290 quod
759 2208 1092 2289 expensis
1123 2208 1445 2290 gabellae
1477 2215 1756 2288 aptetur
1785 2216 2159 2269 cantorium

527 2312 771 2383 portae
793 2301 1028 2364 curiae
1057 2301 1412 2384 Episcopi,
1446 2300 1741 2364 emendo
1773 2299 1982 2362 etiam
2023 2309 2159 2360 ter-

529 2415 677 2458 ram
743 2395 1203 2458 necessariam
1268 2415 1397 2476 pro
1456 2394 1904 2476 adimplendo
1972 2391 2157 2455 viam

527 2489 715 2551 intus
761 2489 1017 2552 dictam
1060 2499 1334 2570 portam
1379 2509 1506 2570 per
1563 2508 1773 2570 quam
1834 2483 2160 2549 conduci-

531 2593 644 2645 tur
686 2582 791 2644 sal
835 2584 926 2644 ad
969 2583 1294 2646 salarium
1339 2583 1750 2655 00111111111115,
1867 2609 1892 2646 ο

529 2805 654 2864 174.
709 2821 775 2831 -·
835 2805 1013 2865 1305,
1061 2807 1210 2848 nov.
1266 2808 1358 2865 14,
1402 2787 1542 2859 JV,
1610 2786 1654 2849 l.
1712 2792 1922 2869 super
1965 2784 2157 2848 domo

605 2879 756 2963 gab.
814 2880 1196 2945 Cremonae.
1249 2880 1316 2958 C,
1376 2901 1513 2961 171.

608 3013 929 3077 Provisio
973 3011 1086 3076 off.
1133 3014 1453 3095 gabellae
1499 3014 1689 3095 quod
1726 3014 1966 3077 abates
1997 3033 2156 3075 cum

527 3117 829 3189 quatuor
874 3108 1307 3189 sapientibus
1341 3109 1648 3170 habeant
1676 3107 1954 3188 plenam
1986 3108 2155 3190 bay-

529 3201 694 3263 liam
725 3202 1172 3283 expendendi
1204 3221 1426 3283 usque
1455 3201 1545 3264 ad
1577 3220 1694 3263 100
1716 3200 1954 3263 soldos
1985 3201 2151 3280 imp.

521 3312 650 3375 pro
695 3294 1110 3376 inquirendo
1156 3315 1241 3358 ea
1285 3315 1464 3377 quae
1522 3293 1947 3358 crediderint
2004 3292 2154 3356 fore

521 3387 720 3451 utilia
763 3389 1102 3469 gabellae,
1149 3389 1533 3451 secundum
1586 3385 2151 3450 reformationem

525 3480 700 3543 alias
744 3479 1018 3544 factam.

525 3685 649 3746 175.
695 3701 778 3710 —
831 3685 1009 3744 1305,
1056 3665 1187 3728 dec.
1251 3687 1348 3745 27,
1397 3665 1530 3738 JV,
1594 3663 1637 3727 l.
1695 3671 1904 3748 super
1961 3664 2153 3727 domo

601 3757 817 3843 gabel.
873 3760 1255 3824 Cremonae.
1309 3759 1378 3834 C,
1434 3780 1571 3839 172.

612 3894 931 3958 Provisio
955 3897 1274 3977 gabellae
1298 3898 1488 3979 quod
1513 3897 1599 3958 de
1624 3895 1936 3978 qualibet
1959 3914 2156 3957 soma

527 3991 727 4052 lanae
771 3989 1104 4052 Franciae
1149 3991 1262 4054 vel
1307 3992 1394 4053 de
1437 3991 1620 4053 ultra
1655 3989 2008 4051 montibus
2039 3989 2153 4049 de-

525 4086 692 4147 beat
736 4085 915 4146 solvi
961 4093 1031 4146 et
1074 4084 1269 4166 exigi
1311 4094 1580 4148 tantum
1613 4103 1648 4162 5
1691 4083 1929 4146 soldos
1985 4082 2151 4162 imp.

528 4179 1014 4259 undecumque
1051 4178 1288 4241 veniat
1332 4188 1400 4241 et
1443 4196 1888 4259 quocumque
1919 4175 2151 4238 vadat.

2262 545 2471 590 causa
2512 527 2908 609 inquirendi
2938 529 3026 590 de
3055 528 3260 592 novis
3291 539 3362 592 et
3390 529 3547 591 aliis
3576 531 3881 612 negociis

2262 629 2333 682 et
2374 621 2477 684 eis
2506 620 2888 684 referendis
2919 622 3271 684 communi
3303 625 3605 686 debeant
3630 623 3878 686 habere

2260 722 2527 776 tantum
2572 734 2700 795 pro
2746 715 3095 778 solutione
3139 735 3265 778 sua
3308 717 3396 778 de
3429 726 3721 798 quatuor
3753 718 3883 780 die·

2260 807 2393 868 bus
2439 811 2475 869 6
2508 807 2745 869 soldos
2776 818 2845 871 et
2881 807 3243 871 dimidium
3282 818 3351 871 et
3380 809 3561 871 ultra
3591 819 3881 891 quatuor

2261 900 2411 963 dies
2458 919 2492 978 3
2541 901 2778 963 soldos
2823 901 3067 983 imper.
3111 920 3241 982 pro
3288 901 3604 984 quolibet
3649 903 3779 964 die.

2258 1123 2383 1185 177.
2430 1139 2510 1151 --
2564 1110 2719 1184 1306
2767 1107 2952 1186 (1305
3002 1103 3188 1188 ina),
3250 1111 3449 1171 mart.
3509 1128 3578 1188 7,
3641 1109 3692 1171 I
3705 1109 3789 1180 V,
3842 1108 3885 1171 l.

2342 1204 2550 1282 super
2574 1198 2764 1262 domo
2785 1199 2937 1284 gab.
2974 1205 3043 1262 et
3069 1200 3143 1263 in
3171 1199 3434 1284 palatio
3464 1200 3711 1264 maiori
3739 1203 3884 1266 Cre-

2342 1311 2579 1356 monae
2618 1298 2830 1376 super
2873 1293 3333 1379 arengerium.
3371 1295 3437 1368 C,
3494 1316 3632 1375 174.

2340 1427 2662 1490 Provisio
2708 1429 3031 1511 gabellae
3064 1448 3277 1509 super
3320 1431 3547 1493 modis
3592 1429 3887 1494 faciendi

2256 1521 2590 1601 partitum
2648 1522 3227 1605 quotiescumque
3288 1522 3360 1586 in
3404 1524 3759 1606 aliquibus
3803 1526 3886 1588 de

2258 1614 2567 1678 consiliis
2598 1615 3047 1698 generalibus
3076 1617 3463 1680 communis
3496 1617 3611 1680 vel
3646 1619 3887 1699 populi

2258 1707 2668 1770 tractabitur
2712 1709 2799 1771 de
2843 1728 3099 1791 guerra
3118 1757 3131 1778 .
3180 1711 3582 1790 represaliis
3603 1759 3618 1784 ,
3688 1731 3885 1774 exer-

2257 1799 2435 1874 01111,
2494 1802 2855 1865 cavalcata
2907 1802 3020 1865 vel
3076 1804 3330 1866 andata
3382 1814 3451 1867 et
3494 1805 3581 1866 de
3628 1824 3885 1885 expen-

2260 1894 2488 1956 dendo
2535 1896 2650 1957 vel
2694 1915 2835 1958 non
2880 1896 2967 1959 de
2996 1916 3207 1960 avere
3238 1897 3630 1961 communis
3666 1911 3737 1961 et
3770 1919 3887 1980 ga-

2258 1988 2482 2051 bellae
2499 1989 2682 2052 ultra
2705 1990 3167 2071 quantitatem
3198 1991 3614 2054 1olibrarum
3638 1991 3884 2073 imper.

2259 2195 2382 2270 178.
2427 2227 2511 2238 —
2564 2197 2742 2269 1306,
2790 2190 2879 2255 id.
2926 2192 2970 2256 l.
3023 2199 3234 2276 super
3290 2193 3482 2257 domo
3525 2193 3683 2278 gab.
3740 2194 3889 2258 Cre-

2346 2305 2601 2348 monae.
2660 2286 2726 2358 C,
2782 2306 2919 2365 175.

2345 2421 2665 2484 Provisio
2710 2422 3049 2504 gabellae,
3096 2434 3173 2485 ut
3228 2421 3505 2486 fraudes
3560 2422 3889 2497 vitentur,

2260 2514 2451 2594 quod
2494 2534 2738 2577 omnes
2784 2525 3015 2577 cartae
3048 2515 3231 2588 salis,
3265 2535 3447 2597 quae
3476 2526 3891 2596 apol-tantur

2258 2626 2300 2668 a
2342 2608 2848 2671 mercatoribus
2894 2628 3019 2670 seu
3064 2629 3107 2670 a
3148 2609 3477 2672 nucleriis
3525 2611 3612 2672 de
3656 2609 3889 2672 Vene-

2257 2699 2393 2772 tiis,
2418 2701 2717 2764 debeant
2743 2701 3143 2784 consignari
3164 2701 3485 2765 abatibus
3516 2712 3587 2765 et
3616 2703 3890 2785 sapien-

2256 2791 2444 2856 tibus
2490 2794 2841 2876 gabellae,
2894 2807 2965 2857 et
3010 2793 3129 2857 fiat
3174 2814 3355 2858 unus
3404 2795 3584 2859 liber
3626 2795 3705 2859 in
3751 2817 3889 2879 quo

2257 2887 2672 2951 scribantur.

2254 3111 2377 3170 179.
2425 3126 2505 3138 -
2562 3095 2737 3169 1306,
2784 3094 2985 3155 mart.
3031 3091 3084 3155 I
3095 3092 3167 3154 V.
3226 3093 3293 3164 C,
3348 3096 3485 3171 176.

2339 3227 2662 3291 Provisio
2708 3227 3026 3309 gabellae
3084 3229 3275 3310 quod
3338 3228 3427 3290 de
3491 3227 3886 3290 redditibus

2252 3333 2613 3404 portarum
2673 3323 2743 3383 S.
2788 3322 3021 3384 Lucae
3080 3332 3148 3385 et
3207 3321 3538 3384 Omnium
3592 3322 3885 3384 Sancto-

2252 3436 2425 3490 rum,
2473 3415 2685 3478 salvis
2732 3415 3001 3478 iuribus
3057 3415 3369 3496 priorum
3434 3415 3885 3487 creditorum,

2253 3509 2707 3571 restituantur
2748 3508 2982 3572 Mafeo
3029 3510 3117 3571 de
3146 3509 3433 3571 Sommo
3470 3518 3540 3571 et
3569 3507 3885 3572 Ottolino

2252 3602 2339 3664 de
2384 3603 2641 3664 Sancto
2688 3601 2861 3664 Sillo
2907 3623 3033 3680 400
3098 3601 3317 3665 librae
3380 3621 3557 3684 quas
3624 3602 3885 3664 debent

2251 3697 2508 3758 habere
2546 3695 2911 3758 occasione
2943 3695 3305 3759 cuiusdam
3346 3704 3751 3758 contractus
3798 3699 3885 3778 (v.

2253 3810 2311 3851 a.
2347 3809 2523 3868 1305,
2548 3791 2733 3871 aug.)
2757 3790 3023 3870 absque
3047 3789 3190 3851 ulla
3216 3789 3518 3853 utilitate
3554 3790 3643 3852 ab
3672 3789 3885 3852 hodie

2254 3883 2324 3944 in
2369 3895 2591 3954 antea,
2631 3883 2731 3945 uti
2777 3882 3179 3946 obtulerunt
3208 3883 3343 3964 ipsi
3376 3882 3763 3946 creditores
3800 3881 3893 3964 (Il

2254 3974 2644 4038 documento
2691 3974 2725 4039 ἑ
2770 3981 3000 4039 tronco
3039 3983 3172 4061 per
3226 3997 3593 4039 mancanza
3652 3975 3731 4039 di
3786 3997 3882 4038 nn

2254 4069 2597 4154 quaderno
2642 4068 2759 4132 nel
2804 4068 3080 4151 Codice).

526 4272 701 4336 Item
771 4271 960 4352 quod
1029 4281 1424 4334 contractus
1471 4269 1904 4332 vendicionis
1971 4269 2153 4331 dacii
2250 4275 2375 4334 180.
2410 4307 2483 4316 —
2522 4274 2679 4350 1306
2718 4270 2811 4353 (ll
2839 4271 3230 4336 documento
3262 4293 3501 4335 manca
3538 4271 3651 4335 del
3680 4272 3883 4356 prin-

527 4375 830 4428 rotarum
896 4363 1270 4427 feratarum
1323 4366 1380 4445 (5
1429 4363 1554 4426 501.
1610 4363 1965 4426 annuatim
2021 4381 2152 4442 pro

527 4457 840 4540 qualibet
884 4469 1036 4521 rota
1080 4457 1337 4521 ferrata
1380 4457 1590 4520 ducta
1634 4477 1755 4536 per
1799 4456 2155 4519 civitatem

527 4562 598 4615 et
633 4552 986 4626 suburbia,
1026 4556 1063 4615 6
1097 4553 1251 4614 den.
1283 4571 1412 4632 pro
1445 4550 1677 4621 carriS,
1718 4549 2006 4613 carretis
2040 4549 2154 4612 vel
2203 4596 2207 4605 .

527 4645 839 4709 carriolis
869 4644 1167 4724 ferratis)
1195 4644 1420 4707 factus
1450 4665 1577 4727 per
1608 4645 1899 4707 abbates
1932 4655 2001 4706 et
2048 4663 2152 4706 sa·
2202 4640 2207 4705 1

524 4739 796 4820 pientes
842 4749 910 4801 et
948 4739 1291 4801 sindicum
1337 4738 1723 4802 communis
1753 4757 1910 4800 cum
1943 4738 2153 4802 Zoan-

523 4831 691 4894 nino
748 4833 835 4894 de
901 4831 1262 4896 Casamala
1319 4843 1390 4894 et
1450 4833 1661 4895 sociis
1723 4836 1812 4914 (v.
1858 4853 1917 4893 a.
1971 4852 2151 4910 1305,
2202 4848 2207 4881 ¹

527 4924 666 4986 iun.
716 4927 816 5006 26)
861 4924 1101 4987 firmus
1140 4925 1230 4988 sit
1276 4935 1343 4987 et
1385 4925 1721 5006 provisio.

525 5118 650 5192 176.
694 5149 779 5159 —
823 5117 978 5190 1306
1011 5113 1196 5192 (1305
1225 5109 1556 5196 z‘nc.),feb.
1591 5131 1683 5182 10,
1709 5110 1847 5182 IV,
1876 5109 1918 5170 l.
1944 5117 2154 5195 super

609 5205 799 5270 domo
835 5205 1050 5290 gabel.
1103 5205 1488 5268 Cremonae.
1544 5205 1611 5279 C,
1667 5224 1801 5284 173.

2334 4362 2503 4448 cipio
2512 4369 2643 4447 per
2658 4362 2726 4426 la
2746 4364 3021 4448 perdita
3037 4364 3220 4428 diun
3236 4365 3627 4449 quaderno).
3642 4366 3717 4440 C,
3747 4387 3769 4428 1
3787 4371 3884 4446 76.

2334 4499 2780 4562 Provisiones
2838 4503 3156 4582 gabellae
3222 4503 3414 4583 quod
3478 4511 3883 4565 contractus

2250 4593 2431 4656 dacii
2490 4594 2654 4656 salis
2716 4612 2873 4655 cum
2931 4592 3237 4675 Quirinis
3290 4604 3359 4657 et
3402 4596 3556 4658 aliis
3601 4595 3883 4657 validus

2249 4687 2340 4750 sit
2384 4687 2455 4750 in
2502 4687 2825 4750 omnibus
2870 4699 3361 4771 praeterquam
3419 4689 3489 4752 in
3550 4710 3632 4752 eo
3694 4690 3883 4771 quod

2202 4798 2207 4839 ι
2248 4781 2643 4845 ordinatum
2690 4794 2816 4855 est,
2862 4803 3099 4845 eorum
3146 4803 3490 4846 consensu
3536 4793 3606 4847 et
3636 4784 3883 4845 volun-

2247 4887 2411 4948 tate,
2444 4876 2530 4937 de
2563 4875 3032 4938 diminucione
3062 4877 3278 4958 precii
3312 4878 3476 4940 salis
3507 4877 3628 4959 qui
3670 4878 3885 4939 debet

2249 4969 2458 5031 vendi
2494 4969 2566 5030 in
2612 4967 2881 5030 salariis
2926 4968 3269 5049 piscariae
3316 4981 3386 5033 et
3431 4972 3501 5032 S.
3546 4971 3884 5052 Agathae
3984 4971 3986 4983 '

2249 5063 2339 5123 ad
2381 5063 2721 5124 rationem
2776 5083 2849 5140 14
2896 5062 3069 5123 sold.
3117 5062 3359 5146 imper.
3404 5083 3533 5144 pro
3566 5063 3883 5145 quolibet
3982 5105 3984 5132 ,

2248 5156 2576 5228 sextariO,
2596 5174 2893 5237 quorum
2909 5159 2946 5217 6
2967 5156 3223 5217 debent
3244 5155 3612 5237 pervenire
3632 5157 3725 5219 ad
3742 5175 3881 5218 em·
3980 5231 3982 5243 Ι

2247 5259 2505 5329 ptoreS,
2550 5261 2620 5310 et
2650 5269 2790 5311 non
2821 5249 3262 5312 obstantibus
3292 5249 3643 5331 aliquibus
3680 5250 3881 5312 addi·
3980 5245 3982 5256 ²

609 5339 930 5402 Provisio
977 5339 1295 5420 gabellae
1340 5340 1530 5420 quod
1561 5338 1813 5401 notarii
1847 5339 1968 5421 qui
1999 5341 2151 5404 mit·
2201 5352 2205 5425 ;
2248 5341 2575 5405 tionibuS.
2598 5343 2774 5405 Item
2799 5344 2987 5424 quod
3013 5344 3483 5424 gabellatores
3512 5354 3885 5407 teneantur

524 5441 766 5496 111111111-
809 5453 936 5514 per
979 5433 1300 5496 civitates
1353 5443 1424 5494 et
1475 5432 1633 5495 loca
1690 5433 2155 5498 Lombardiae
2200 5428 2205 5504 1
2248 5446 2696 5535 manutenere
2726 5437 2797 5498 in
2828 5437 3093 5499 salariis
3123 5439 3511 5500 communis
3547 5437 3879 5502 continue
