4050 6109
1087 320 1326 400 78-88.
1371 357 1454 367 —
1497 328 1573 383 A.
1630 323 2006 402 1308·¹309·
2055 358 2137 367 ——
2186 330 2463 387 sEcoLo
2507 330 2671 388 XIV.
3485 336 3551 389 11

195 576 286 649 84.
339 608 420 619 —
471 577 660 652 1308,
705 576 828 638 oct.
886 595 980 655 19,
1053 576 1206 651 VII,
1265 576 1650 641 Cremonae.

275 708 654 774 Nicolinus
675 710 1150 794 Burlenghus,
1166 710 1560 795 profitendo
1585 732 1662 775 se
1685 732 1840 776 esse

193 800 538 865 maiorem
587 824 670 867 20
715 804 918 868 annis
964 816 1035 868 et
1077 805 1237 888 lege
1297 806 1540 869 vivere
1597 807 1839 889 longo-

191 896 434 968 barda,
481 897 866 961 confitetur
930 919 1006 962 se
1051 899 1407 981 accepisse
1453 900 1544 963 ab
1589 900 1839 963 Alario

192 988 278 1050 de
323 988 709 1054 Donnellis
753 994 966 1056 dante
1009 1012 1140 1075 pro
1185 992 1272 1055 D.
1319 992 1700 1057 Stevanina
1737 992 1835 1055 di-

191 1092 304 1144 cta
349 1083 558 1147 Bona
602 1085 758 1148 eius
803 1096 1061 1167 nepote
1105 1096 1176 1149 et
1219 1106 1481 1168 sponsa
1525 1086 1694 1149 dicti
1721 1086 1838 1149 Ni-

191 1176 429 1250 colini,
475 1178 578 1241 ibi
623 1179 716 1242 ab
768 1198 854 1241 eo
900 1198 1060 1242 cum
1123 1180 1330 1242 anulo
1398 1181 1837 1261 desponsata,

191 1268 260 1330 in
305 1271 526 1333 rebus
572 1272 956 1336 mobilibus
1017 1272 1350 1337 extiantis
1396 1282 1466 1336 et
1511 1274 1581 1336 in
1641 1274 1842 1337 dena·

187 1363 310 1425 riis
361 1382 442 1444 25
492 1365 716 1429 libras
761 1366 928 1449 imp.
967 1365 1190 1449 Quam
1224 1368 1460 1431 dotem
1495 1366 1840 1449 promittit

187 1457 466 1531 Alario,
514 1458 889 1542 recipienti
921 1472 990 1523 et
1036 1461 1398 1543 stipulanti
1429 1460 1710 1524 nomine
1741 1462 1837 1523 di-

189 1559 347 1613 ctae
415 1552 869 1628 Stevaninae,
937 1554 1002 1617 ei
1069 1556 1237 1618 dare
1305 1564 1376 1618 et
1439 1556 1715 1619 solvere
1765 1554 1838 1617 in

187 1644 384 1707 omni
451 1659 718 1710 eventu
783 1648 1174 1712 exactionis
1241 1658 1312 1712 et
1374 1648 1838 1711 restitutionis

186 1738 404 1813 dotis,
451 1740 838 1804 donatione
869 1762 994 1805 seu
1027 1752 1278 1825 quarta
1308 1752 1645 1816 cessante,
1678 1761 1836 1824 pro-

183 1842 348 1912 pter
397 1842 743 1897 statutum
788 1836 1178 1899 communis
1230 1835 1616 1899 Cremonae
1647 1836 1838 1919 quod

185 1926 463 2001 obstat3
521 1947 654 2009 pro
723 1929 980 2012 quibus
1047 1930 1505 1994 observandis
1571 1930 1838 2012 obligat

183 2019 388 2081 dicto
433 2020 710 2097 Alari0,
773 2022 1136 2105 stipulanti
1205 2034 1282 2087 ut
1325 2043 1556 2107 supra,
1603 2022 1838 2087 omnia

187 2132 316 2175 sua
367 2114 582 2178 bona.

181 2324 280 2399 85.
335 2356 434 2365 —
489 2326 670 2400 1308,
701 2341 856 2388 nov.
887 2346 947 2404 4,
997 2322 1150 2401 VII,
1189 2322 1578 2389 Cremonae.
1610 2326 1706 2401 D,
1737 2344 1834 2405 79.

265 2460 653 2526 Pedalium
698 2461 1104 2545 impositum
1155 2464 1245 2527 ad
1287 2472 1572 2545 pontem
1616 2464 1834 2537 Rioli,

181 2554 394 2634 apud
416 2554 492 2619 S.
517 2556 900 2620 Martinum
926 2558 1016 2621 de
1043 2556 1345 2632 Arzen0,
1377 2578 1505 2639 per
1534 2566 1836 2639 quatuor

179 2648 558 2729 sapientes
621 2669 838 2732 super
891 2669 1104 2714 avere
1149 2661 1219 2714 et
1263 2649 1668 2715 defensione
1713 2671 1831 2734 ga-

177 2742 426 2805 bellae
475 2751 544 2807 et
587 2742 820 2807 officio
882 2746 1137 2807 blavae
1205 2754 1276 2807 et
1339 2764 1466 2827 per
1525 2746 1833 2828 quinque

179 2836 554 2917 sapientes
620 2838 903 2913 electOS,
969 2837 1352 2902 secundum
1397 2837 1689 2901 formam
1730 2860 1833 2903 re-

179 2927 696 2995 formationum
743 2932 1195 2996 consiliorum
1241 2932 1694 3016 generalium.

251 3125 704 3192 Infrascriptum
741 3134 830 3181 est
865 3126 1086 3181 datium
1122 3142 1226 3181 seu
1264 3126 1554 3195 pedalium
1593 3126 1834 3193 imposi-

180 3211 310 3255 tum
347 3202 436 3255 ad
473 3210 714 3268 pontem
771 3204 941 3267 Rioli,
997 3205 1152 3271 apud
1207 3212 1471 3258 sanctum
1519 3204 1831 3257 Martinum

182 3280 258 3331 de
295 3278 549 3341 Arzin0,
585 3295 690 3345 per
725 3279 997 3333 dominos
1023 3280 1332 3347 Filipinum
1358 3280 1432 3335 de
1456 3281 1673 3344 Cervis,
1704 3281 1835 3333 Ber-

181 3356 448 3407 nardum
483 3354 559 3408 de
594 3355 884 3423 Cignono,
939 3358 1316 3411 Tomasinum
1361 3358 1437 3411 de
1471 3358 1742 3423 Stanghis
1775 3364 1835 3410 et

185 3432 490 3485 Iulianum
525 3431 602 3485 de
641 3433 906 3495 RosaniS,
943 3434 1232 3501 sapientes
1255 3450 1430 3502 super
1451 3450 1620 3488 avere
1655 3442 1713 3488 et
1736 3434 1834 3487 de-

183 3509 462 3561 fensione
495 3508 726 3575 gabelle
761 3516 820 3563 et
861 3508 1032 3563 oficio
1067 3510 1256 3573 blave,
1293 3519 1351 3565 et
1394 3528 1498 3578 per
1529 3511 1830 3565 dominum

191 3584 597 3639 Masenerium
635 3584 712 3639 de
767 3586 1087 3649 NatalibuS,
1132 3588 1511 3641 Tomasinum
1563 3588 1640 3642 de
1677 3588 1831 3641 Mola

184 3672 242 3714 et
281 3660 710 3715 Rainoldinum
745 3663 1010 3729 Guaghis
1061 3670 1120 3717 et
1177 3663 1524 3717 Bonorinum
1571 3664 1644 3717 de
1681 3664 1832 3717 Ciria

187 3748 244 3791 et
279 3738 614 3791 Cabrinum
649 3738 724 3791 de
762 3739 1008 3793 Rosanis
1042 3740 1351 3807 sapienteS,
1379 3741 1696 3795 secundum
1723 3741 1832 3794 sor-

187 3832 348 3868 mam
405 3813 880 3869 reformationem
933 3816 1236 3870 consilium
1294 3818 1668 3883 generalium,
1721 3818 1830 3871 sub

188 3891 508 3945 millesimo
542 3892 951 3947 trecentesimo
975 3901 1202 3955 octav0‚
1231 3894 1542 3948 indictione
1565 3895 1827 3961 septima.

255 3970 326 4021 In
365 3968 572 4035 primis
596 3968 672 4021 de
696 3968 958 4035 quolibet
979 3972 1236 4037 plaustro
1261 3970 1667 4025 mercadandie
1690 3987 1832 4038 pon-

188 4045 392 4099 derata
431 4060 462 4097 2
499 4044 650 4098 sold.
691 4045 894 4111 imper.

255 4124 410 4175 Item
446 4122 526 4175 de
560 4122 823 4189 qualibet
855 4130 1047 4177 careta
1071 4124 1478 4179 mercadandie
1513 4125 1830 4191 ponderata

191 4214 252 4251 12
289 4199 496 4253 denar.

255 4276 410 4329 Item
445 4276 525 4330 de
561 4276 824 4344 qualibet
850 4277 1099 4331 somaria
1122 4285 1180 4330 et
1205 4277 1384 4331 mullo
1421 4279 1829 4333 mercadandie

187 4353 516 4419 ponderata
549 4356 586 4405 6
625 4353 828 4407 denar.

261 4430 412 4483 Item
447 4430 528 4484 de
565 4429 828 4497 qualibet
861 4430 994 4483 allia
1016 4430 1265 4485 somaria
1289 4439 1346 4485 et
1371 4448 1484 4485 una
1507 4432 1664 4485 asina
1689 4450 1828 4500 pon-

192 4507 396 4561 derata
429 4522 466 4571 4
501 4507 708 4561 denar.

261 4584 410 4637 Item
447 4583 526 4637 de
563 4582 828 4652 quolibet
873 4600 1030 4651 equo
1079 4583 1156 4638 de
1208 4585 1428 4651 guarda
1479 4594 1538 4639 et
1578 4586 1830 4653 poledris

195 4676 302 4713 sex
335 4660 540 4715 denar.

263 4738 408 4792 Item
445 4736 525 4791 de
562 4736 828 4805 quolibet
863 4737 1013 4790 bove
1065 4746 1126 4791 et
1179 4738 1360 4791 vacha
1393 4746 1450 4793 et
1485 4738 1644 4793 asina
1679 4740 1829 4795 duos

191 4814 462 4869 denarios
499 4831 608 4882 pro
645 4814 908 4882 qualibet
942 4814 1146 4868 bestia.

261 4893 408 4946 Item
444 4892 524 4946 de
561 4891 828 4959 quolibet
862 4891 1192 4946 centenario
1228 4891 1518 4958 pecudum
1554 4901 1613 4947 et
1635 4910 1828 4961 capra-

193 4986 320 5022 rum
353 4970 508 5024 duos
545 4968 748 5023 soldos
783 4968 986 5035 imper.

257 5048 404 5100 Item
441 5046 518 5100 de
555 5045 802 5113 singulis
837 5045 1040 5099 decem
1068 5044 1256 5119 porcis
1293 5046 1497 5099 decem
1534 5047 1823 5112 denarios,

191 5122 402 5177 scilicet
457 5140 642 5177 unum
698 5122 1004 5177 denarium
1062 5139 1169 5190 pro
1221 5123 1482 5191 quolibet
1539 5141 1715 5194 porco
1769 5134 1828 5180 et

195 5216 300 5267 pro
333 5209 478 5255 rata.

265 5279 408 5331 Item
455 5276 532 5330 de
582 5275 848 5345 quolibet
894 5278 1152 5344 plaustro
1205 5278 1526 5345 ponderato
1578 5277 1654 5333 de
1703 5280 1830 5334 aliis

197 5353 366 5407 rebus
401 5353 720 5409 duodecim
757 5355 1043 5410 denarios

270 5431 410 5485 Item
447 5430 524 5485 de
560 5428 823 5499 qualibet
873 5429 984 5485 alia
1026 5439 1218 5487 careta
1243 5433 1560 5499 ponderata
1595 5433 1670 5487 de
1706 5433 1828 5488 aliis

199 5509 370 5563 rebus
402 5526 508 5564 sex
544 5508 838 5564 denarios

2004 587 2152 675 Item
2186 586 2261 641 de
2297 586 2558 655 quolibet
2590 588 2845 658 plaustro
2879 598 2938 644 et
2959 598 3150 645 careta
3173 589 3368 645 vacuis
3390 604 3425 657 4
3450 592 3559 647 de-

1935 678 2146 718 nanos

2004 740 2151 827 Item
2186 741 2261 795 de
2294 742 2553 810 quolibet
2601 743 2837 797 homine
2890 743 2967 798 ad
3000 760 3219 812 equum
3273 744 3423 800 duos
3458 746 3557 801 de-

1935 832 2146 871 nanos,

2002 895 2151 949 Item
2187 894 2261 949 de
2296 895 2557 963 quolibet
2607 896 2843 951 homine
2894 899 3214 965 ponderato
3268 898 3343 954 ad
3376 900 3557 967 pedes

1933 978 1992 1024 et
2025 988 2145 1025 non
2180 973 2502 1039 ponderato
2536 990 2719 1028 unum
2760 974 3083 1029 denarium.

1999 1049 2379 1117 Suprascripti
2414 1051 2720 1117 sapientes,
2760 1052 2924 1105 electi
2958 1068 3061 1118 per
3096 1052 3365 1107 dominos
3399 1061 3559 1121 pote-

1933 1132 2142 1179 statem
2174 1126 2537 1192 capitaneum
2574 1128 2839 1182 consules
2876 1136 2934 1181 et
2958 1128 3221 1183 antianos
3246 1128 3553 1193 Cremone,

1935 1201 2255 1256 secundum
2279 1202 2521 1256 formam
2549 1204 2967 1259 reformationis
2991 1206 3244 1259 conscilii
3276 1208 3560 1273 generalis

1933 1279 2199 1331 comunis
2233 1279 2539 1343 Cremone,
2576 1282 2909 1349 congregati
2944 1298 3077 1335 cum
3116 1281 3386 1349 predictis
3421 1300 3561 1352 qua-

1933 1362 2065 1407 tuor
2098 1356 2454 1421 sapientibus
2506 1366 2564 1411 et
2616 1358 2903 1411 massariis
2946 1360 3212 1413 comunis
3246 1369 3307 1414 et
3332 1360 3559 1427 gabelle

1934 1432 2240 1497 Cremone,
2296 1432 2353 1487 in
2395 1435 2702 1488 concordia
2757 1436 3005 1499 suerunt,
3064 1436 3297 1491 nemine
3348 1438 3560 1491 discre-

1933 1517 2126 1575 pante,
2184 1511 2347 1577 quod
2398 1512 2783 1579 suprascripta
2834 1512 3061 1578 gabella
3100 1529 3203 1566 seu
3240 1514 3554 1580 pedalium,

1934 1601 2041 1652 pro
2077 1594 2141 1641 ut
2172 1587 2440 1653 superius
2490 1588 2767 1655 scriptum
2815 1598 2922 1653 est,
2970 1589 3273 1657 exigantur
3306 1607 3411 1657 per
3456 1606 3559 1645 co-

1933 1679 2111 1717 mune
2146 1664 2433 1719 Cremone
2456 1674 2516 1719 et
2536 1682 2639 1733 per
2662 1666 3023 1728 massarium,
3060 1666 3436 1722 incontinenti
3460 1667 3560 1721 eli-

1931 1740 2191 1807 gendum
2225 1758 2329 1809 per
2378 1743 2797 1810 suprascriptos
2848 1751 3098 1811 quatuor
3150 1745 3475 1809 massariOS,
3522 1762 3558 1798 a

1932 1818 2195 1886 quolibet
2239 1826 2574 1876 transeunte
2614 1836 2789 1886 super
2832 1828 3071 1887 pontem
3109 1820 3278 1884 Rioli,
3325 1821 3425 1889 qui
3471 1830 3561 1875 est

1932 1896 2088 1961 apud
2122 1904 2385 1950 sanctum
2438 1896 2749 1951 Martinum
2801 1897 2876 1951 de
2929 1898 3147 1952 Arcino
3190 1898 3558 1965 episcopatus

1931 1973 2195 2026 comunis
2258 1974 2565 2039 Cremone,
2621 1971 2763 2027 dum
2816 1982 3008 2028 tamen
3048 2012 3289 2030 .....
3340 1975 3415 2029 sit
3465 1976 3557 2029 vel

1933 2058 2317 2104 mercatorum
2374 2065 2508 2104 cum
2564 2050 2988 2116 mercadandia,
3031 2059 3094 2105 ut
3128 2068 3303 2119 supra
3336 2050 3555 2105 dictum

1931 2134 2038 2189 est,
2074 2126 2184 2180 sub
2220 2126 2527 2181 millesimo
2550 2127 2954 2181 trecentesimo
2976 2136 3207 2194 octav0,
3244 2127 3555 2183 indictione

1931 2204 2195 2270 septima,
2231 2203 2326 2259 dle
2362 2212 2569 2273 quarto
2604 2204 2954 2259 novembris.

1931 2432 2025 2492 86.
2073 2464 2155 2475 -—
2208 2432 2387 2508 1308,
2418 2448 2569 2493 nov.
2610 2450 2702 2506 10,
2760 2430 2911 2495 VII.
2963 2430 3346 2495 Cremonae.
3378 2429 3553 2496 Dal-

2017 2521 2132 2586 l’A
2144 2521 2399 2587 rchivio
2441 2521 2701 2587 Storico
2745 2521 3085 2598 Siciliane,
3133 2525 3184 2589 I
3197 2526 3270 2597 V,
3330 2546 3351 2587 1
3366 2530 3510 2607 878.

2014 2677 2293 2742 Fratres
2338 2678 2703 2743 Humiliati
2762 2679 3011 2743 domus
3056 2678 3127 2743 S.
3171 2677 3553 2745 GuiHielmi

1931 2770 2335 2849 Cremonae,
2367 2773 2637 2856 eligunt
2671 2772 2953 2837 fratrem
2990 2773 3454 2856 Angelerium
3483 2782 3554 2836 et

1930 2878 2452 2947 procuratorem
2499 2868 2949 2941 constituunt,
2996 2876 3075 2930 ut
3117 2877 3230 2931 eat
3272 2867 3366 2930 ad
3419 2867 3549 2931 Mi-

1930 2959 2225 3023 nistrum
2258 2962 2653 3044 generalem
2696 2960 2959 3024 ordinis
2990 2960 3550 3037 Humiliatorum,

1931 3063 1999 3117 et
2046 3055 2134 3118 ab
2178 3075 2263 3117 eo
2309 3055 2635 3137 impetret
2699 3054 3080 3137 perfectam
3147 3064 3217 3117 et
3273 3054 3551 3136 plenam

1931 3148 2259 3211 unionem
2303 3148 2571 3213 Domus
2637 3169 2803 3212 suae
2870 3168 3028 3211 cum
3092 3148 3321 3211 Domo
3366 3168 3553 3211 nova

1931 3240 2065 3305 sita
2106 3242 2178 3305 in
2223 3242 2575 3307 suburbiis
2619 3242 3022 3307 Cremonae.

1929 3467 2023 3541 87.
2071 3498 2154 3509 —-
2208 3467 2386 3541 1308.
2432 3464 2529 3538 D,
2575 3484 2676 3543 43.

2011 3613 2197 3677 Nota
2222 3614 2840 3680 instrumentorum
2876 3636 3004 3698 per
3033 3637 3213 3700 quae
3241 3618 3551 3683 Iulianus

1929 3708 2017 3770 de
2059 3706 2379 3783 CerasiiS,
2447 3710 2806 3793 Pignellus
2873 3712 2960 3774 de
3019 3712 3259 3795 Burgo
3305 3722 3375 3777 et
3417 3714 3551 3777 Bo-

1927 3812 2233 3884 nagutus
2298 3804 2385 3867 de
2452 3804 2819 3880 VerdelliS,
2886 3806 3200 3870 investiti
3264 3806 3549 3871 fuerunt

1930 3896 2018 3959 ab
2064 3896 2433 3960 abbatibus
2470 3900 2803 3982 gabellae‚
2836 3900 2928 3963 ad
2956 3898 3195 3964 fictum
3238 3920 3546 3964 annuum

1931 3990 2358 4054 reddendum
2400 3993 2487 4055 de
2522 3992 2782 4074 glareis
2805 3993 2996 4066 Padi,
3028 3994 3227 4057 iuxta
3262 4005 3550 4075 pontem

1927 4082 2127 4159 infra,
2174 4087 2304 4148 sub
2356 4105 2533 4164 1303,
2588 4106 2766 4165 1304,
2820 4106 2999 4167 1307,
3040 4091 3230 4165 1308;
3277 4098 3348 4151 et
3381 4107 3550 4170 quo-

1927 4177 2137 4241 modo
2198 4178 2425 4241 dictus
2482 4179 2791 4243 Iulianus
2857 4179 3317 4245 affranchavit
3383 4201 3547 4245 suas

1929 4272 2224 4352 glareas,

1927 4500 2022 4559 88.
2068 4530 2147 4541 -—
2204 4514 2382 4574 1309,
2429 4496 2525 4569 D,
2578 4516 2671 4575 13.

2011 4649 2198 4711 Nota
2238 4648 2852 4713 instrumentorum
2894 4669 3022 4731 per
3079 4670 3259 4733 quae
3313 4671 3385 4714 21
3435 4651 3553 4715 ho-

1929 4742 2150 4805 mines
2195 4742 2501 4807 civitatis
2532 4744 2840 4807 investiti
2868 4743 3147 4807 fuerunt
3176 4764 3219 4807 a
3262 4744 3553 4809 Gabella

1929 4837 2016 4899 de
2090 4836 2505 4919 quibusdam
2550 4838 2806 4920 glareis
2872 4838 3068 4912 Padi,
3144 4858 3323 4921 quae
3383 4848 3547 4902 sunt

1927 4929 2127 4993 iuxta
2168 4932 2460 4993 Pontem
2505 4931 2695 5002 Padi,
2744 4933 2833 4994 ab
2870 4932 3023 5013 ipso
3055 4942 3271 5013 ponte
3317 4953 3546 5015 supra,

1928 5023 2108 5087 inter
2152 5033 2445 5106 utraque
2508 5024 2791 5097 canalia,
2860 5046 2921 5087 a.
2991 5045 3167 5105 1297,
3236 5035 3411 5108 sept.
3479 5038 3551 5089 et

1929 5132 2064 5183 oct.
2109 5118 2186 5181 X
2228 5128 2298 5181 et
2342 5118 2485 5193 XI;
2542 5129 2711 5182 nota
2754 5118 3237 5182 fictaliciorum
3282 5119 3403 5201 qui
3446 5119 3546 5183 in-

1929 5213 2165 5276 vestiti
2222 5210 2504 5274 fuerunt
2545 5212 2619 5274 in
2667 5212 2824 5275 loco
2889 5213 3543 5296 suprascriptorum,

1929 5308 2059 5370 sub
2115 5326 2291 5383 1300,
2346 5325 2526 5384 1303,
2580 5326 2757 5386 1304,
2814 5326 3003 5386 1309;
3056 5316 3221 5369 nota
3263 5306 3547 5369 investi-

1926 5410 2125 5463 turae
2171 5401 2257 5462 de
2302 5419 2441 5462 uno
2485 5400 2640 5463 loco
2672 5420 2884 5481 super
2908 5411 3193 5482 pontem
3240 5400 3547 5463 omnium

1929 5494 2363 5559 Sanctorum.
