<?xml version="1.0" encoding="UTF-8"?>
<!DOCTYPE html PUBLIC "-//W3C//DTD XHTML 1.0 Transitional//EN"
    "http://www.w3.org/TR/xhtml1/DTD/xhtml1-transitional.dtd">
<html xmlns="http://www.w3.org/1999/xhtml" xml:lang="en" lang="en">
 <head>
  <title>
</title>
<meta http-equiv="Content-Type" content="text/html;charset=utf-8" />
  <meta name='ocr-system' content='tesseract 3.04.00' />
  <meta name='ocr-capabilities' content='ocr_page ocr_carea ocr_par ocr_line ocrx_word'/>
</head>
<body>
  <div class='ocr_page' id='page_1' title='image "./historiaepatria00unkngoog_0021.png"; bbox 0 0 4050 6109; ppageno 0'>
   <div class='ocr_carea' id='block_1_1' title="bbox 1043 294 3507 379">
    <p class='ocr_par' dir='ltr' id='par_1_1' title="bbox 1043 294 3507 379">
     <span class='ocr_line' id='line_1_1' title="bbox 1043 294 3507 379; baseline 0 -18"><span class='ocrx_word' id='word_1_1' title='bbox 1043 294 1245 379; x_wconf 88' lang='lat'><strong>6-17.</strong></span> <span class='ocrx_word' id='word_1_2' title='bbox 1291 334 1372 343; x_wconf 88' lang='lat'>—</span> <span class='ocrx_word' id='word_1_3' title='bbox 1419 310 1494 359; x_wconf 82' lang='lat' dir='ltr'><strong>A.</strong></span> <span class='ocrx_word' id='word_1_4' title='bbox 1551 316 1955 375; x_wconf 84' lang='lat'><strong>1302-1303.</strong></span> <span class='ocrx_word' id='word_1_5' title='bbox 2005 332 2087 343; x_wconf 90' lang='lat'><strong>--</strong></span> <span class='ocrx_word' id='word_1_6' title='bbox 2130 310 2405 361; x_wconf 80' lang='lat' dir='ltr'><strong>sEc0Lo</strong></span> <span class='ocrx_word' id='word_1_7' title='bbox 2449 312 2615 361; x_wconf 82' lang='lat' dir='ltr'><strong>x1v.</strong></span> <span class='ocrx_word' id='word_1_8' title='bbox 3472 297 3507 377; x_wconf 84' lang='lat'><strong>3&#39;</strong></span> 
     </span>
    </p>
   </div>
   <div class='ocr_carea' id='block_1_2' title="bbox 178 554 1836 916">
    <p class='ocr_par' dir='ltr' id='par_1_2' title="bbox 178 554 1836 916">
     <span class='ocr_line' id='line_1_2' title="bbox 249 554 1836 637; baseline -0.001 -18"><span class='ocrx_word' id='word_1_9' title='bbox 249 554 464 637; x_wconf 81' lang='lat' dir='ltr'><strong>Quum</strong></span> <span class='ocrx_word' id='word_1_10' title='bbox 496 555 866 620; x_wconf 89' lang='lat' dir='ltr'><strong>venditum</strong></span> <span class='ocrx_word' id='word_1_11' title='bbox 897 555 1105 620; x_wconf 86' lang='lat' dir='ltr'><strong>fuerit</strong></span> <span class='ocrx_word' id='word_1_12' title='bbox 1143 556 1406 619; x_wconf 87' lang='lat' dir='ltr'><strong>datium</strong></span> <span class='ocrx_word' id='word_1_13' title='bbox 1430 556 1598 619; x_wconf 90' lang='lat' dir='ltr'><strong>salis</strong></span> <span class='ocrx_word' id='word_1_14' title='bbox 1629 575 1790 617; x_wconf 86' lang='lat' dir='ltr'><strong>ven·</strong></span> <span class='ocrx_word' id='word_1_15' title='bbox 1833 619 1836 628; x_wconf 79' lang='grc'>,</span> 
     </span>
     <span class='ocr_line' id='line_1_3' title="bbox 183 646 1786 730; baseline -0.001 -18"><span class='ocrx_word' id='word_1_16' title='bbox 183 651 284 712; x_wconf 85' lang='lat' dir='ltr'><strong>diti</strong></span> <span class='ocrx_word' id='word_1_17' title='bbox 324 650 394 711; x_wconf 89' lang='lat' dir='ltr'><strong>in</strong></span> <span class='ocrx_word' id='word_1_18' title='bbox 437 648 730 713; x_wconf 90' lang='lat' dir='ltr'><strong>civitate</strong></span> <span class='ocrx_word' id='word_1_19' title='bbox 777 660 848 713; x_wconf 91' lang='lat' dir='ltr'><strong>et</strong></span> <span class='ocrx_word' id='word_1_20' title='bbox 913 650 1234 713; x_wconf 89' lang='lat' dir='ltr'><strong>districtu</strong></span> <span class='ocrx_word' id='word_1_21' title='bbox 1285 650 1566 713; x_wconf 87' lang='lat' dir='ltr'><strong>Donato</strong></span> <span class='ocrx_word' id='word_1_22' title='bbox 1623 646 1786 730; x_wconf 83' lang='lat' dir='ltr'><strong>Qui-</strong></span> 
     </span>
     <span class='ocr_line' id='line_1_4' title="bbox 179 742 1788 815; baseline -0.001 -8"><span class='ocrx_word' id='word_1_23' title='bbox 179 745 308 807; x_wconf 86' lang='lat' dir='ltr'><strong>rino</strong></span> <span class='ocrx_word' id='word_1_24' title='bbox 350 756 418 807; x_wconf 90' lang='lat' dir='ltr'><strong>et</strong></span> <span class='ocrx_word' id='word_1_25' title='bbox 459 742 618 805; x_wconf 89' lang='lat' dir='ltr'><strong>aliis</strong></span> <span class='ocrx_word' id='word_1_26' title='bbox 662 743 1172 807; x_wconf 84' lang='lat' dir='ltr'><strong>mercatoribus</strong></span> <span class='ocrx_word' id='word_1_27' title='bbox 1203 743 1686 815; x_wconf 88' lang='lat' dir='ltr'><strong>Veneciarum,</strong></span> <span class='ocrx_word' id='word_1_28' title='bbox 1717 751 1788 805; x_wconf 90' lang='lat' dir='ltr'><strong>et</strong></span> 
     </span>
     <span class='ocr_line' id='line_1_5' title="bbox 178 835 1786 916; baseline -0.002 -17"><span class='ocrx_word' id='word_1_29' title='bbox 178 856 314 899; x_wconf 89' lang='lat' dir='ltr'><strong>cum</strong></span> <span class='ocrx_word' id='word_1_30' title='bbox 355 835 760 899; x_wconf 88' lang='lat' dir='ltr'><strong>necessaria</strong></span> <span class='ocrx_word' id='word_1_31' title='bbox 803 836 1100 901; x_wconf 87' lang='lat' dir='ltr'><strong>fuissent</strong></span> <span class='ocrx_word' id='word_1_32' title='bbox 1147 856 1178 899; x_wconf 90' lang='lat'><strong>2</strong></span> <span class='ocrx_word' id='word_1_33' title='bbox 1220 836 1412 899; x_wconf 91' lang='lat' dir='ltr'><strong>milia</strong></span> <span class='ocrx_word' id='word_1_34' title='bbox 1438 836 1592 899; x_wconf 91' lang='lat' dir='ltr'><strong>libr.</strong></span> <span class='ocrx_word' id='word_1_35' title='bbox 1621 835 1786 916; x_wconf 88' lang='lat' dir='ltr'><strong>imp.</strong></span> 
     </span>
    </p>
   </div>
   <div class='ocr_carea' id='block_1_3' title="bbox 1885 556 3506 639">
    <p class='ocr_par' dir='ltr' id='par_1_3' title="bbox 1885 556 3506 639">
     <span class='ocr_line' id='line_1_6' title="bbox 1885 556 3506 639; baseline 0.002 -22"><span class='ocrx_word' id='word_1_36' title='bbox 1885 575 2253 619; x_wconf 84' lang='lat' dir='ltr'><strong>roncorum</strong></span> <span class='ocrx_word' id='word_1_37' title='bbox 2298 556 2367 620; x_wconf 84' lang='lat' dir='ltr'><strong>in</strong></span> <span class='ocrx_word' id='word_1_38' title='bbox 2412 557 2771 639; x_wconf 87' lang='lat' dir='ltr'><strong>praedicto</strong></span> <span class='ocrx_word' id='word_1_39' title='bbox 2828 556 3179 621; x_wconf 88' lang='lat' dir='ltr'><strong>territorio</strong></span> <span class='ocrx_word' id='word_1_40' title='bbox 3238 567 3309 621; x_wconf 92' lang='lat' dir='ltr'><strong>et</strong></span> <span class='ocrx_word' id='word_1_41' title='bbox 3362 557 3506 638; x_wconf 83' lang='lat' dir='ltr'><strong>ple·</strong></span> 
     </span>
    </p>
   </div>
   <div class='ocr_carea' id='block_1_4' title="bbox 1833 649 3503 739">
    <p class='ocr_par' dir='ltr' id='par_1_4' title="bbox 1833 649 3503 739">
     <span class='ocr_line' id='line_1_7' title="bbox 1833 649 3503 739; baseline 0 -26"><span class='ocrx_word' id='word_1_42' title='bbox 1833 718 1837 739; x_wconf 48' lang='grc'>1</span> <span class='ocrx_word' id='word_1_43' title='bbox 1883 650 2052 713; x_wconf 87' lang='lat' dir='ltr'><strong>batu</strong></span> <span class='ocrx_word' id='word_1_44' title='bbox 2084 649 2154 713; x_wconf 89' lang='lat' dir='ltr'><strong>S.</strong></span> <span class='ocrx_word' id='word_1_45' title='bbox 2178 650 2519 725; x_wconf 89' lang='lat' dir='ltr'><strong>Mauricii,</strong></span> <span class='ocrx_word' id='word_1_46' title='bbox 2552 653 2743 733; x_wconf 92' lang='lat' dir='ltr'><strong>quod</strong></span> <span class='ocrx_word' id='word_1_47' title='bbox 2773 651 3055 715; x_wconf 85' lang='lat' dir='ltr'><strong>feudum</strong></span> <span class='ocrx_word' id='word_1_48' title='bbox 3086 652 3275 714; x_wconf 86' lang='lat' dir='ltr'><strong>dicta</strong></span> <span class='ocrx_word' id='word_1_49' title='bbox 3300 652 3503 733; x_wconf 84' lang='lat' dir='ltr'>plebs</span> 
     </span>
    </p>
   </div>
   <div class='ocr_carea' id='block_1_5' title="bbox 1883 744 3509 921">
    <p class='ocr_par' dir='ltr' id='par_1_5' title="bbox 1883 744 3509 921">
     <span class='ocr_line' id='line_1_8' title="bbox 1883 744 3505 826; baseline 0 -19"><span class='ocrx_word' id='word_1_50' title='bbox 1883 744 2163 807; x_wconf 91' lang='lat' dir='ltr'><strong>tenebat</strong></span> <span class='ocrx_word' id='word_1_51' title='bbox 2206 755 2401 807; x_wconf 89' lang='lat' dir='ltr'><strong>tanto</strong></span> <span class='ocrx_word' id='word_1_52' title='bbox 2444 754 2758 826; x_wconf 90' lang='lat' dir='ltr'><strong>tempore</strong></span> <span class='ocrx_word' id='word_1_53' title='bbox 2802 746 3001 809; x_wconf 90' lang='lat' dir='ltr'><strong>cuius</strong></span> <span class='ocrx_word' id='word_1_54' title='bbox 3046 764 3187 807; x_wconf 88' lang='lat' dir='ltr'><strong>non</strong></span> <span class='ocrx_word' id='word_1_55' title='bbox 3231 754 3337 807; x_wconf 88' lang='lat' dir='ltr'><strong>est</strong></span> <span class='ocrx_word' id='word_1_56' title='bbox 3367 764 3505 807; x_wconf 91' lang='lat' dir='ltr'><strong>me-</strong></span> 
     </span>
     <span class='ocr_line' id='line_1_9' title="bbox 1885 838 3509 921; baseline 0.001 -22"><span class='ocrx_word' id='word_1_57' title='bbox 1885 838 2123 905; x_wconf 88' lang='lat' dir='ltr'><strong>moria.</strong></span> <span class='ocrx_word' id='word_1_58' title='bbox 2182 847 2252 900; x_wconf 93' lang='lat' dir='ltr'><strong>et</strong></span> <span class='ocrx_word' id='word_1_59' title='bbox 2318 848 2827 902; x_wconf 87' lang='lat' dir='ltr'><strong>sacramentum</strong></span> <span class='ocrx_word' id='word_1_60' title='bbox 2886 838 3243 903; x_wconf 86' lang='lat' dir='ltr'><strong>fidelitatis</strong></span> <span class='ocrx_word' id='word_1_61' title='bbox 3288 838 3509 921; x_wconf 90' lang='lat' dir='ltr'><strong>ipsius</strong></span> 
     </span>
    </p>
   </div>
   <div class='ocr_carea' id='block_1_6' title="bbox 175 928 2491 1015">
    <p class='ocr_par' dir='ltr' id='par_1_6' title="bbox 175 928 2491 1015">
     <span class='ocr_line' id='line_1_10' title="bbox 175 928 2491 1015; baseline 0.001 -23"><span class='ocrx_word' id='word_1_62' title='bbox 175 951 286 1013; x_wconf 91' lang='lat' dir='ltr'><strong>pro</strong></span> <span class='ocrx_word' id='word_1_63' title='bbox 326 931 669 993; x_wconf 88' lang='lat' dir='ltr'><strong>solvendo</strong></span> <span class='ocrx_word' id='word_1_64' title='bbox 711 929 1052 993; x_wconf 86' lang='lat' dir='ltr'><strong>militibus</strong></span> <span class='ocrx_word' id='word_1_65' title='bbox 1090 940 1162 994; x_wconf 89' lang='lat' dir='ltr'><strong>et</strong></span> <span class='ocrx_word' id='word_1_66' title='bbox 1191 929 1683 1012; x_wconf 86' lang='lat' dir='ltr'><strong>stipendiariis,</strong></span> <span class='ocrx_word' id='word_1_67' title='bbox 1714 928 1786 989; x_wconf 92' lang='lat' dir='ltr'><strong>in</strong></span> <span class='ocrx_word' id='word_1_68' title='bbox 1886 930 2491 1015; x_wconf 83' lang='lat' dir='ltr'><strong>archipresbyteri.</strong></span> 
     </span>
    </p>
   </div>
   <div class='ocr_carea' id='block_1_7' title="bbox 175 1021 1788 1106">
    <p class='ocr_par' dir='ltr' id='par_1_7' title="bbox 175 1021 1788 1106">
     <span class='ocr_line' id='line_1_11' title="bbox 175 1021 1788 1106; baseline -0.001 -19"><span class='ocrx_word' id='word_1_69' title='bbox 175 1024 520 1087; x_wconf 84' lang='lat' dir='ltr'><strong>servicium</strong></span> <span class='ocrx_word' id='word_1_70' title='bbox 567 1024 834 1106; x_wconf 81' lang='lat' dir='ltr'><strong>Papiae</strong></span> <span class='ocrx_word' id='word_1_71' title='bbox 877 1033 948 1087; x_wconf 89' lang='lat' dir='ltr'><strong>et</strong></span> <span class='ocrx_word' id='word_1_72' title='bbox 991 1024 1372 1087; x_wconf 89' lang='lat' dir='ltr'><strong>amicorum</strong></span> <span class='ocrx_word' id='word_1_73' title='bbox 1403 1034 1474 1087; x_wconf 91' lang='lat' dir='ltr'><strong>et</strong></span> <span class='ocrx_word' id='word_1_74' title='bbox 1503 1021 1788 1085; x_wconf 89' lang='lat' dir='ltr'><strong>societa-</strong></span> 
     </span>
    </p>
   </div>
   <div class='ocr_carea' id='block_1_8' title="bbox 175 1116 3503 1213">
    <p class='ocr_par' dir='ltr' id='par_1_8' title="bbox 175 1116 3503 1213">
     <span class='ocr_line' id='line_1_12' title="bbox 175 1116 3503 1213; baseline 0.002 -32"><span class='ocrx_word' id='word_1_75' title='bbox 175 1119 248 1181; x_wconf 85' lang='lat' dir='ltr'><strong>tis</strong></span> <span class='ocrx_word' id='word_1_76' title='bbox 288 1118 470 1200; x_wconf 81' lang='lat' dir='ltr'><strong>ligae</strong></span> <span class='ocrx_word' id='word_1_77' title='bbox 513 1118 740 1199; x_wconf 82' lang='lat' dir='ltr'><strong>partis</strong></span> <span class='ocrx_word' id='word_1_78' title='bbox 781 1118 1140 1181; x_wconf 88' lang='lat' dir='ltr'><strong>Ecclesiae</strong></span> <span class='ocrx_word' id='word_1_79' title='bbox 1191 1116 1674 1186; x_wconf 83' lang='lat' dir='ltr'><strong>Lombardiae,</strong></span> <span class='ocrx_word' id='word_1_80' title='bbox 1716 1126 1787 1179; x_wconf 90' lang='lat' dir='ltr'><strong>et</strong></span> <span class='ocrx_word' id='word_1_81' title='bbox 1882 1154 1968 1213; x_wconf 62' lang='lat'><strong>13,</strong></span> <span class='ocrx_word' id='word_1_82' title='bbox 2015 1171 2099 1179; x_wconf 84' lang='grc'><strong>.-.</strong></span> <span class='ocrx_word' id='word_1_83' title='bbox 2154 1154 2308 1212; x_wconf 80' lang='lat'>1303</span> <span class='ocrx_word' id='word_1_84' title='bbox 2331 1182 2344 1207; x_wconf 79' lang='lat'>‚</span> <span class='ocrx_word' id='word_1_85' title='bbox 2406 1134 2543 1199; x_wconf 66' lang='lat' dir='ltr'><strong>ian,</strong></span> <span class='ocrx_word' id='word_1_86' title='bbox 2612 1135 2926 1199; x_wconf 48' lang='lat' dir='ltr'><strong>Venetizk,</strong></span> <span class='ocrx_word' id='word_1_87' title='bbox 2984 1136 3137 1199; x_wconf 72' lang='lat' dir='ltr'><strong>Dal</strong></span> <span class='ocrx_word' id='word_1_88' title='bbox 3184 1137 3503 1211; x_wconf 67' lang='lat' dir='ltr'><strong>M&#39;notto,</strong></span> 
     </span>
    </p>
   </div>
   <div class='ocr_carea' id='block_1_9' title="bbox 163 1210 1784 3165">
    <p class='ocr_par' dir='ltr' id='par_1_9' title="bbox 172 1210 1784 1573">
     <span class='ocr_line' id='line_1_13' title="bbox 175 1210 1784 1294; baseline -0.001 -21"><span class='ocrx_word' id='word_1_89' title='bbox 175 1212 409 1274; x_wconf 87' lang='lat' dir='ltr'><strong>idcirco</strong></span> <span class='ocrx_word' id='word_1_90' title='bbox 460 1233 538 1275; x_wconf 92' lang='lat'><strong>10</strong></span> <span class='ocrx_word' id='word_1_91' title='bbox 585 1211 770 1275; x_wconf 91' lang='lat' dir='ltr'><strong>soldi</strong></span> <span class='ocrx_word' id='word_1_92' title='bbox 813 1212 980 1294; x_wconf 87' lang='lat' dir='ltr'><strong>imp.</strong></span> <span class='ocrx_word' id='word_1_93' title='bbox 1039 1231 1171 1292; x_wconf 91' lang='lat' dir='ltr'><strong>pro</strong></span> <span class='ocrx_word' id='word_1_94' title='bbox 1233 1210 1546 1293; x_wconf 88' lang='lat' dir='ltr'><strong>quolibet</strong></span> <span class='ocrx_word' id='word_1_95' title='bbox 1611 1228 1784 1271; x_wconf 84' lang='lat' dir='ltr'><strong>sex-</strong></span> 
     </span>
     <span class='ocr_line' id='line_1_14' title="bbox 173 1302 1782 1387; baseline -0.002 -20"><span class='ocrx_word' id='word_1_96' title='bbox 173 1306 326 1367; x_wconf 87' lang='lat' dir='ltr'><strong>tario</strong></span> <span class='ocrx_word' id='word_1_97' title='bbox 385 1306 590 1379; x_wconf 78' lang='lat' dir='ltr'><strong>saliS,</strong></span> <span class='ocrx_word' id='word_1_98' title='bbox 649 1306 772 1387; x_wconf 91' lang='lat' dir='ltr'><strong>qui</strong></span> <span class='ocrx_word' id='word_1_99' title='bbox 831 1315 996 1369; x_wconf 87' lang='lat' dir='ltr'><strong>sunt</strong></span> <span class='ocrx_word' id='word_1_100' title='bbox 1050 1306 1122 1367; x_wconf 89' lang='lat' dir='ltr'><strong>in</strong></span> <span class='ocrx_word' id='word_1_101' title='bbox 1180 1304 1472 1369; x_wconf 86' lang='lat' dir='ltr'><strong>Gabella</strong></span> <span class='ocrx_word' id='word_1_102' title='bbox 1534 1313 1606 1366; x_wconf 92' lang='lat' dir='ltr'><strong>et</strong></span> <span class='ocrx_word' id='word_1_103' title='bbox 1661 1302 1782 1384; x_wconf 91' lang='lat' dir='ltr'><strong>qui</strong></span> 
     </span>
     <span class='ocr_line' id='line_1_15' title="bbox 173 1397 1780 1481; baseline -0.001 -20"><span class='ocrx_word' id='word_1_104' title='bbox 173 1399 594 1479; x_wconf 82' lang='lat' dir='ltr'><strong>appellantur</strong></span> <span class='ocrx_word' id='word_1_105' title='bbox 643 1398 1140 1481; x_wconf 84' lang='lat' dir='ltr'><strong>patrimonium</strong></span> <span class='ocrx_word' id='word_1_106' title='bbox 1205 1398 1388 1471; x_wconf 81' lang='lat' dir='ltr'><strong>sali5‚</strong></span> <span class='ocrx_word' id='word_1_107' title='bbox 1434 1397 1573 1461; x_wconf 84' lang='lat' dir='ltr'><strong>sint</strong></span> <span class='ocrx_word' id='word_1_108' title='bbox 1618 1416 1780 1459; x_wconf 85' lang='lat' dir='ltr'><strong>ven-</strong></span> 
     </span>
     <span class='ocr_line' id='line_1_16' title="bbox 172 1491 1208 1573; baseline 0.002 -20"><span class='ocrx_word' id='word_1_109' title='bbox 172 1492 278 1555; x_wconf 88' lang='lat' dir='ltr'><strong>diti</strong></span> <span class='ocrx_word' id='word_1_110' title='bbox 319 1493 527 1556; x_wconf 86' lang='lat' dir='ltr'><strong>etiam</strong></span> <span class='ocrx_word' id='word_1_111' title='bbox 565 1492 850 1556; x_wconf 86' lang='lat' dir='ltr'><strong>Donato</strong></span> <span class='ocrx_word' id='word_1_112' title='bbox 895 1491 1208 1573; x_wconf 80' lang='lat' dir='ltr'><strong>Quirino,</strong></span> 
     </span>
    </p>

    <p class='ocr_par' dir='ltr' id='par_1_10' title="bbox 165 1586 1784 2135">
     <span class='ocr_line' id='line_1_17' title="bbox 237 1586 1782 1649; baseline -0.003 0"><span class='ocrx_word' id='word_1_113' title='bbox 237 1586 322 1649; x_wconf 91' lang='lat' dir='ltr'><strong>Et</strong></span> <span class='ocrx_word' id='word_1_114' title='bbox 365 1606 524 1649; x_wconf 91' lang='lat' dir='ltr'><strong>cum</strong></span> <span class='ocrx_word' id='word_1_115' title='bbox 569 1587 666 1649; x_wconf 90' lang='lat' dir='ltr'><strong>ad</strong></span> <span class='ocrx_word' id='word_1_116' title='bbox 708 1586 1346 1649; x_wconf 85' lang='lat' dir='ltr'><strong>corroborationem</strong></span> <span class='ocrx_word' id='word_1_117' title='bbox 1384 1591 1782 1648; x_wconf 87' lang='lat' dir='ltr'><strong>contractus</strong></span> 
     </span>
     <span class='ocr_line' id='line_1_18' title="bbox 169 1678 1784 1761; baseline -0.001 -20"><span class='ocrx_word' id='word_1_118' title='bbox 169 1678 328 1741; x_wconf 85' lang='lat' dir='ltr'><strong>facta</strong></span> <span class='ocrx_word' id='word_1_119' title='bbox 365 1678 582 1743; x_wconf 89' lang='lat' dir='ltr'><strong>fuerit</strong></span> <span class='ocrx_word' id='word_1_120' title='bbox 621 1678 943 1761; x_wconf 84' lang='lat' dir='ltr'><strong>provisio</strong></span> <span class='ocrx_word' id='word_1_121' title='bbox 981 1680 1318 1761; x_wconf 81' lang='lat' dir='ltr'><strong>gabellae‚</strong></span> <span class='ocrx_word' id='word_1_122' title='bbox 1351 1678 1424 1741; x_wconf 89' lang='lat' dir='ltr'><strong>in</strong></span> <span class='ocrx_word' id='word_1_123' title='bbox 1456 1698 1596 1761; x_wconf 90' lang='lat' dir='ltr'><strong>quo</strong></span> <span class='ocrx_word' id='word_1_124' title='bbox 1628 1697 1784 1741; x_wconf 88' lang='lat' dir='ltr'><strong>con-</strong></span> 
     </span>
     <span class='ocr_line' id='line_1_19' title="bbox 165 1772 1780 1855; baseline -0.001 -20"><span class='ocrx_word' id='word_1_125' title='bbox 165 1775 495 1835; x_wconf 87' lang='lat' dir='ltr'><strong>tinebatur</strong></span> <span class='ocrx_word' id='word_1_126' title='bbox 553 1774 768 1836; x_wconf 88' lang='lat' dir='ltr'><strong>etiam</strong></span> <span class='ocrx_word' id='word_1_127' title='bbox 835 1774 1030 1855; x_wconf 91' lang='lat' dir='ltr'><strong>quod</strong></span> <span class='ocrx_word' id='word_1_128' title='bbox 1090 1772 1290 1837; x_wconf 85' lang='lat' dir='ltr'><strong>fieret</strong></span> <span class='ocrx_word' id='word_1_129' title='bbox 1335 1774 1424 1835; x_wconf 90' lang='lat' dir='ltr'><strong>de</strong></span> <span class='ocrx_word' id='word_1_130' title='bbox 1465 1773 1604 1835; x_wconf 90' lang='lat' dir='ltr'><strong>hoc</strong></span> <span class='ocrx_word' id='word_1_131' title='bbox 1647 1780 1780 1834; x_wconf 91' lang='lat' dir='ltr'><strong>sta-</strong></span> 
     </span>
     <span class='ocr_line' id='line_1_20' title="bbox 165 1863 1784 1949; baseline -0.001 -20"><span class='ocrx_word' id='word_1_132' title='bbox 165 1878 370 1929; x_wconf 89' lang='lat' dir='ltr'><strong>tutum</strong></span> <span class='ocrx_word' id='word_1_133' title='bbox 412 1866 681 1949; x_wconf 87' lang='lat' dir='ltr'><strong>populi,</strong></span> <span class='ocrx_word' id='word_1_134' title='bbox 727 1876 800 1929; x_wconf 92' lang='lat' dir='ltr'><strong>et</strong></span> <span class='ocrx_word' id='word_1_135' title='bbox 843 1887 1002 1929; x_wconf 91' lang='lat' dir='ltr'><strong>cum</strong></span> <span class='ocrx_word' id='word_1_136' title='bbox 1047 1866 1256 1930; x_wconf 89' lang='lat' dir='ltr'><strong>etiam</strong></span> <span class='ocrx_word' id='word_1_137' title='bbox 1299 1867 1436 1929; x_wconf 91' lang='lat' dir='ltr'><strong>hoc</strong></span> <span class='ocrx_word' id='word_1_138' title='bbox 1478 1863 1630 1929; x_wconf 87' lang='lat' dir='ltr'><strong>fieri</strong></span> <span class='ocrx_word' id='word_1_139' title='bbox 1671 1866 1784 1927; x_wconf 86' lang='lat' dir='ltr'><strong>de·</strong></span> 
     </span>
     <span class='ocr_line' id='line_1_21' title="bbox 167 1958 1781 2024; baseline -0.001 -2"><span class='ocrx_word' id='word_1_140' title='bbox 167 1964 306 2023; x_wconf 85' lang='lat' dir='ltr'><strong>baet</strong></span> <span class='ocrx_word' id='word_1_141' title='bbox 325 1962 718 2023; x_wconf 88' lang='lat' dir='ltr'><strong>secundum</strong></span> <span class='ocrx_word' id='word_1_142' title='bbox 741 1958 1306 2024; x_wconf 86' lang='lat' dir='ltr'><strong>reformationem</strong></span> <span class='ocrx_word' id='word_1_143' title='bbox 1331 1959 1781 2023; x_wconf 89' lang='lat' dir='ltr'><strong>consiliorum</strong></span> 
     </span>
     <span class='ocr_line' id='line_1_22' title="bbox 171 2054 910 2135; baseline 0 -18"><span class='ocrx_word' id='word_1_144' title='bbox 171 2054 466 2117; x_wconf 88' lang='lat' dir='ltr'><strong>comunis</strong></span> <span class='ocrx_word' id='word_1_145' title='bbox 511 2073 596 2117; x_wconf 89' lang='lat' dir='ltr'><strong>ac</strong></span> <span class='ocrx_word' id='word_1_146' title='bbox 641 2054 910 2135; x_wconf 88' lang='lat' dir='ltr'><strong>populi.</strong></span> 
     </span>
    </p>

    <p class='ocr_par' dir='ltr' id='par_1_11' title="bbox 163 2146 1784 2677">
     <span class='ocr_line' id='line_1_23' title="bbox 237 2146 1782 2228; baseline -0.001 -19"><span class='ocrx_word' id='word_1_147' title='bbox 237 2148 504 2210; x_wconf 88' lang='lat' dir='ltr'><strong>Idcirco</strong></span> <span class='ocrx_word' id='word_1_148' title='bbox 549 2147 893 2228; x_wconf 87' lang='lat' dir='ltr'><strong>praedicti</strong></span> <span class='ocrx_word' id='word_1_149' title='bbox 939 2146 1287 2211; x_wconf 89' lang='lat' dir='ltr'><strong>statutarii</strong></span> <span class='ocrx_word' id='word_1_150' title='bbox 1308 2154 1644 2211; x_wconf 79' lang='lat' dir='ltr'><strong>&#39;statuunt</strong></span> <span class='ocrx_word' id='word_1_151' title='bbox 1707 2156 1782 2209; x_wconf 91' lang='lat' dir='ltr'><strong>ut</strong></span> 
     </span>
     <span class='ocr_line' id='line_1_24' title="bbox 165 2239 1780 2321; baseline -0.001 -19"><span class='ocrx_word' id='word_1_152' title='bbox 165 2250 476 2321; x_wconf 84' lang='lat' dir='ltr'><strong>potestaS,</strong></span> <span class='ocrx_word' id='word_1_153' title='bbox 500 2240 932 2321; x_wconf 74' lang='lat' dir='ltr'><strong>capitaneuS,</strong></span> <span class='ocrx_word' id='word_1_154' title='bbox 961 2240 1304 2312; x_wconf 81' lang='lat' dir='ltr'><strong>consuleS,</strong></span> <span class='ocrx_word' id='word_1_155' title='bbox 1331 2240 1619 2312; x_wconf 86' lang='lat' dir='ltr'><strong>anziani,</strong></span> <span class='ocrx_word' id='word_1_156' title='bbox 1645 2239 1780 2302; x_wconf 91' lang='lat' dir='ltr'><strong>sin-</strong></span> 
     </span>
     <span class='ocr_line' id='line_1_25' title="bbox 165 2332 1782 2417; baseline 0.001 -22"><span class='ocrx_word' id='word_1_157' title='bbox 165 2334 346 2396; x_wconf 88' lang='lat' dir='ltr'><strong>dicus</strong></span> <span class='ocrx_word' id='word_1_158' title='bbox 392 2333 746 2417; x_wconf 84' lang='lat' dir='ltr'><strong>generalis</strong></span> <span class='ocrx_word' id='word_1_159' title='bbox 805 2333 1210 2397; x_wconf 88' lang='lat' dir='ltr'><strong>Communis</strong></span> <span class='ocrx_word' id='word_1_160' title='bbox 1278 2343 1349 2396; x_wconf 91' lang='lat' dir='ltr'><strong>et</strong></span> <span class='ocrx_word' id='word_1_161' title='bbox 1403 2332 1655 2415; x_wconf 90' lang='lat' dir='ltr'><strong>Populi</strong></span> <span class='ocrx_word' id='word_1_162' title='bbox 1712 2342 1782 2396; x_wconf 87' lang='lat' dir='ltr'><strong>et</strong></span> 
     </span>
     <span class='ocr_line' id='line_1_26' title="bbox 163 2426 1784 2509; baseline -0.001 -20"><span class='ocrx_word' id='word_1_163' title='bbox 163 2426 503 2501; x_wconf 80' lang='lat' dir='ltr'><strong>Gabellae,</strong></span> <span class='ocrx_word' id='word_1_164' title='bbox 547 2428 682 2489; x_wconf 85' lang='lat' dir='ltr'><strong>sub</strong></span> <span class='ocrx_word' id='word_1_165' title='bbox 727 2426 1148 2509; x_wconf 86' lang='lat' dir='ltr'><strong>quibusdam</strong></span> <span class='ocrx_word' id='word_1_166' title='bbox 1185 2426 1452 2507; x_wconf 75' lang='lat' dir='ltr'><strong>poeniS,</strong></span> <span class='ocrx_word' id='word_1_167' title='bbox 1485 2426 1784 2490; x_wconf 89' lang='lat' dir='ltr'><strong>debeant</strong></span> 
     </span>
     <span class='ocr_line' id='line_1_27' title="bbox 164 2518 1782 2603; baseline 0.001 -22"><span class='ocrx_word' id='word_1_168' title='bbox 164 2520 380 2583; x_wconf 90' lang='lat' dir='ltr'><strong>omnia</strong></span> <span class='ocrx_word' id='word_1_169' title='bbox 423 2540 608 2603; x_wconf 88' lang='lat' dir='ltr'><strong>quae</strong></span> <span class='ocrx_word' id='word_1_170' title='bbox 651 2518 724 2583; x_wconf 92' lang='lat' dir='ltr'><strong>in</strong></span> <span class='ocrx_word' id='word_1_171' title='bbox 767 2520 1016 2585; x_wconf 89' lang='lat' dir='ltr'><strong>iisdem</strong></span> <span class='ocrx_word' id='word_1_172' title='bbox 1062 2519 1538 2583; x_wconf 87' lang='lat' dir='ltr'><strong>contractibus</strong></span> <span class='ocrx_word' id='word_1_173' title='bbox 1572 2519 1782 2583; x_wconf 85' lang='lat' dir='ltr'><strong>conti-</strong></span> 
     </span>
     <span class='ocr_line' id='line_1_28' title="bbox 167 2615 848 2677; baseline 0.001 -3"><span class='ocrx_word' id='word_1_174' title='bbox 167 2624 400 2676; x_wconf 87' lang='lat' dir='ltr'><strong>nentur</strong></span> <span class='ocrx_word' id='word_1_175' title='bbox 443 2615 848 2677; x_wconf 87' lang='lat' dir='ltr'><strong>observare.</strong></span> 
     </span>
    </p>

    <p class='ocr_par' dir='ltr' id='par_1_12' title="bbox 165 2705 1780 3165">
     <span class='ocr_line' id='line_1_29' title="bbox 233 2705 1780 2789; baseline 0 -20"><span class='ocrx_word' id='word_1_176' title='bbox 233 2708 518 2771; x_wconf 86' lang='lat' dir='ltr'><strong>Lectum</strong></span> <span class='ocrx_word' id='word_1_177' title='bbox 551 2717 622 2770; x_wconf 90' lang='lat' dir='ltr'><strong>et</strong></span> <span class='ocrx_word' id='word_1_178' title='bbox 650 2708 1082 2789; x_wconf 90' lang='lat' dir='ltr'><strong>publicatum</strong></span> <span class='ocrx_word' id='word_1_179' title='bbox 1116 2705 1246 2772; x_wconf 90' lang='lat' dir='ltr'><strong>fuit</strong></span> <span class='ocrx_word' id='word_1_180' title='bbox 1280 2708 1414 2769; x_wconf 92' lang='lat' dir='ltr'><strong>hoc</strong></span> <span class='ocrx_word' id='word_1_181' title='bbox 1445 2716 1780 2770; x_wconf 89' lang='lat' dir='ltr'><strong>statutum</strong></span> 
     </span>
     <span class='ocr_line' id='line_1_30' title="bbox 165 2800 1780 2885; baseline 0.001 -24"><span class='ocrx_word' id='word_1_182' title='bbox 165 2800 222 2861; x_wconf 87' lang='lat' dir='ltr'><strong>in</strong></span> <span class='ocrx_word' id='word_1_183' title='bbox 263 2800 555 2864; x_wconf 91' lang='lat' dir='ltr'><strong>consilio</strong></span> <span class='ocrx_word' id='word_1_184' title='bbox 601 2800 913 2885; x_wconf 87' lang='lat' dir='ltr'><strong>generali</strong></span> <span class='ocrx_word' id='word_1_185' title='bbox 959 2800 1224 2882; x_wconf 91' lang='lat' dir='ltr'><strong>populi,</strong></span> <span class='ocrx_word' id='word_1_186' title='bbox 1269 2821 1395 2882; x_wconf 90' lang='lat' dir='ltr'><strong>per</strong></span> <span class='ocrx_word' id='word_1_187' title='bbox 1433 2802 1780 2864; x_wconf 88' lang='lat' dir='ltr'><strong>notarium</strong></span> 
     </span>
     <span class='ocr_line' id='line_1_31' title="bbox 169 2894 1780 2973; baseline 0.001 -17"><span class='ocrx_word' id='word_1_188' title='bbox 169 2908 226 2957; x_wconf 86' lang='lat' dir='ltr'><strong>et</strong></span> <span class='ocrx_word' id='word_1_189' title='bbox 264 2895 678 2957; x_wconf 87' lang='lat' dir='ltr'><strong>dictatorem</strong></span> <span class='ocrx_word' id='word_1_190' title='bbox 722 2894 1074 2967; x_wconf 81' lang='lat' dir='ltr'><strong>ComuniS,</strong></span> <span class='ocrx_word' id='word_1_191' title='bbox 1123 2894 1236 2957; x_wconf 91' lang='lat' dir='ltr'><strong>die</strong></span> <span class='ocrx_word' id='word_1_192' title='bbox 1283 2914 1362 2973; x_wconf 84' lang='grc'>29</span> <span class='ocrx_word' id='word_1_193' title='bbox 1406 2894 1546 2969; x_wconf 71' lang='lat' dir='ltr'><strong>iul„</strong></span> <span class='ocrx_word' id='word_1_194' title='bbox 1593 2906 1663 2957; x_wconf 86' lang='lat' dir='ltr'><strong>et</strong></span> <span class='ocrx_word' id='word_1_195' title='bbox 1692 2896 1780 2957; x_wconf 91' lang='lat' dir='ltr'><strong>ab</strong></span> 
     </span>
     <span class='ocr_line' id='line_1_32' title="bbox 167 2986 1780 3069; baseline 0 -20"><span class='ocrx_word' id='word_1_196' title='bbox 167 2988 300 3069; x_wconf 87' lang='lat' dir='ltr'><strong>ipso</strong></span> <span class='ocrx_word' id='word_1_197' title='bbox 333 2986 826 3053; x_wconf 85' lang='lat' dir='ltr'><strong>imbreviatum</strong></span> <span class='ocrx_word' id='word_1_198' title='bbox 863 2988 954 3051; x_wconf 91' lang='lat' dir='ltr'><strong>de</strong></span> <span class='ocrx_word' id='word_1_199' title='bbox 986 2988 1342 3051; x_wconf 88' lang='lat' dir='ltr'><strong>volumine</strong></span> <span class='ocrx_word' id='word_1_200' title='bbox 1365 2996 1780 3052; x_wconf 79' lang='lat' dir='ltr'><strong>statutorum</strong></span> 
     </span>
     <span class='ocr_line' id='line_1_33' title="bbox 170 3081 414 3165; baseline 0 -20"><span class='ocrx_word' id='word_1_201' title='bbox 170 3081 414 3165; x_wconf 90' lang='lat' dir='ltr'><strong>populi.</strong></span> 
     </span>
    </p>
   </div>
   <div class='ocr_carea' id='block_1_10' title="bbox 174 3268 1778 3537">
    <p class='ocr_par' dir='ltr' id='par_1_13' title="bbox 174 3268 1778 3537">
     <span class='ocr_line' id='line_1_34' title="bbox 174 3268 1778 3355; baseline -0.001 -23"><span class='ocrx_word' id='word_1_202' title='bbox 174 3290 236 3333; x_wconf 90' lang='lat'><strong>11.</strong></span> <span class='ocrx_word' id='word_1_203' title='bbox 277 3308 359 3317; x_wconf 85' lang='lat'><strong>-—</strong></span> <span class='ocrx_word' id='word_1_204' title='bbox 411 3291 590 3349; x_wconf 84' lang='lat'><strong>1302,</strong></span> <span class='ocrx_word' id='word_1_205' title='bbox 637 3291 799 3355; x_wconf 76' lang='lat' dir='ltr'><strong>aug.</strong></span> <span class='ocrx_word' id='word_1_206' title='bbox 847 3290 946 3351; x_wconf 85' lang='lat'><strong>25,</strong></span> <span class='ocrx_word' id='word_1_207' title='bbox 994 3272 1166 3347; x_wconf 85' lang='lat' dir='ltr'><strong>XV,</strong></span> <span class='ocrx_word' id='word_1_208' title='bbox 1236 3271 1310 3337; x_wconf 83' lang='lat' dir='ltr'><strong>in</strong></span> <span class='ocrx_word' id='word_1_209' title='bbox 1359 3268 1625 3355; x_wconf 80' lang='lat' dir='ltr'><strong>palacio</strong></span> <span class='ocrx_word' id='word_1_210' title='bbox 1681 3290 1778 3331; x_wconf 87' lang='lat' dir='ltr'><strong>co-</strong></span> 
     </span>
     <span class='ocr_line' id='line_1_35' title="bbox 241 3362 1778 3449; baseline -0.001 -22"><span class='ocrx_word' id='word_1_211' title='bbox 241 3364 470 3427; x_wconf 81' lang='lat' dir='ltr'><strong>munis</strong></span> <span class='ocrx_word' id='word_1_212' title='bbox 508 3365 900 3430; x_wconf 78' lang='lat' dir='ltr'><strong>Cremonae.</strong></span> <span class='ocrx_word' id='word_1_213' title='bbox 943 3365 1147 3449; x_wconf 78' lang='lat' dir='ltr'><strong>Copia</strong></span> <span class='ocrx_word' id='word_1_214' title='bbox 1187 3369 1463 3439; x_wconf 82' lang='lat' dir='ltr'><strong>recente,</strong></span> <span class='ocrx_word' id='word_1_215' title='bbox 1510 3362 1664 3437; x_wconf 84' lang='lat' dir='ltr'><strong>BG,</strong></span> <span class='ocrx_word' id='word_1_216' title='bbox 1711 3384 1778 3426; x_wconf 90' lang='lat' dir='ltr'><strong>n.</strong></span> 
     </span>
     <span class='ocr_line' id='line_1_36' title="bbox 249 3478 422 3537; baseline 0.006 -17"><span class='ocrx_word' id='word_1_217' title='bbox 249 3478 422 3537; x_wconf 86' lang='grc'>1232.</span> 
     </span>
    </p>
   </div>
   <div class='ocr_carea' id='block_1_11' title="bbox 171 3590 1784 4315">
    <p class='ocr_par' dir='ltr' id='par_1_14' title="bbox 171 3590 1784 4315">
     <span class='ocr_line' id='line_1_37' title="bbox 241 3590 1781 3673; baseline 0.001 -20"><span class='ocrx_word' id='word_1_218' title='bbox 241 3592 534 3673; x_wconf 91' lang='lat' dir='ltr'><strong>Aliquot</strong></span> <span class='ocrx_word' id='word_1_219' title='bbox 579 3590 890 3655; x_wconf 86' lang='lat' dir='ltr'><strong>fictalicii</strong></span> <span class='ocrx_word' id='word_1_220' title='bbox 923 3592 1010 3656; x_wconf 87' lang='lat' dir='ltr'><strong>de</strong></span> <span class='ocrx_word' id='word_1_221' title='bbox 1039 3594 1418 3670; x_wconf 89' lang='lat' dir='ltr'><strong>Piscarolo‚</strong></span> <span class='ocrx_word' id='word_1_222' title='bbox 1457 3594 1544 3655; x_wconf 92' lang='lat' dir='ltr'><strong>de</strong></span> <span class='ocrx_word' id='word_1_223' title='bbox 1572 3594 1781 3656; x_wconf 91' lang='lat' dir='ltr'><strong>rebus</strong></span> 
     </span>
     <span class='ocr_line' id='line_1_38' title="bbox 172 3684 1781 3767; baseline 0.001 -20"><span class='ocrx_word' id='word_1_224' title='bbox 172 3684 490 3767; x_wconf 88' lang='lat' dir='ltr'><strong>episcopii</strong></span> <span class='ocrx_word' id='word_1_225' title='bbox 555 3684 1048 3751; x_wconf 85' lang='lat' dir='ltr'><strong>Cremonensis</strong></span> <span class='ocrx_word' id='word_1_226' title='bbox 1115 3686 1184 3750; x_wconf 88' lang='lat' dir='ltr'><strong>in</strong></span> <span class='ocrx_word' id='word_1_227' title='bbox 1249 3696 1442 3750; x_wconf 89' lang='lat' dir='ltr'><strong>curte</strong></span> <span class='ocrx_word' id='word_1_228' title='bbox 1504 3696 1574 3749; x_wconf 88' lang='lat' dir='ltr'><strong>et</strong></span> <span class='ocrx_word' id='word_1_229' title='bbox 1625 3688 1781 3750; x_wconf 93' lang='lat' dir='ltr'><strong>loco</strong></span> 
     </span>
     <span class='ocr_line' id='line_1_39' title="bbox 171 3778 1779 3863; baseline 0.002 -23"><span class='ocrx_word' id='word_1_230' title='bbox 171 3779 228 3840; x_wconf 87' lang='lat' dir='ltr'><strong>S.</strong></span> <span class='ocrx_word' id='word_1_231' title='bbox 255 3778 506 3841; x_wconf 88' lang='lat' dir='ltr'><strong>Felicis</strong></span> <span class='ocrx_word' id='word_1_232' title='bbox 536 3780 626 3841; x_wconf 92' lang='lat' dir='ltr'><strong>de</strong></span> <span class='ocrx_word' id='word_1_233' title='bbox 655 3780 851 3861; x_wconf 84' lang='lat' dir='ltr'><strong>Ripa</strong></span> <span class='ocrx_word' id='word_1_234' title='bbox 888 3778 1062 3851; x_wconf 88' lang='lat' dir='ltr'><strong>Olei,</strong></span> <span class='ocrx_word' id='word_1_235' title='bbox 1095 3780 1550 3863; x_wconf 81' lang='lat' dir='ltr'><strong>eligunt&#39;sibi,</strong></span> <span class='ocrx_word' id='word_1_236' title='bbox 1581 3800 1779 3862; x_wconf 86' lang='lat' dir='ltr'><strong>prae-</strong></span> 
     </span>
     <span class='ocr_line' id='line_1_40' title="bbox 173 3872 1782 3956; baseline 0 -21"><span class='ocrx_word' id='word_1_237' title='bbox 173 3883 344 3935; x_wconf 88' lang='lat' dir='ltr'><strong>sente</strong></span> <span class='ocrx_word' id='word_1_238' title='bbox 374 3872 606 3935; x_wconf 89' lang='lat' dir='ltr'><strong>iudice</strong></span> <span class='ocrx_word' id='word_1_239' title='bbox 631 3876 1023 3955; x_wconf 89' lang='lat' dir='ltr'><strong>potestatis,</strong></span> <span class='ocrx_word' id='word_1_240' title='bbox 1059 3875 1394 3956; x_wconf 86' lang='lat' dir='ltr'><strong>deputato</strong></span> <span class='ocrx_word' id='word_1_241' title='bbox 1422 3875 1512 3936; x_wconf 91' lang='lat' dir='ltr'><strong>ad</strong></span> <span class='ocrx_word' id='word_1_242' title='bbox 1546 3875 1782 3937; x_wconf 89' lang='lat' dir='ltr'><strong>coblas</strong></span> 
     </span>
     <span class='ocr_line' id='line_1_41' title="bbox 173 3965 1784 4047; baseline 0 -18"><span class='ocrx_word' id='word_1_243' title='bbox 173 3978 230 4029; x_wconf 83' lang='lat' dir='ltr'><strong>et</strong></span> <span class='ocrx_word' id='word_1_244' title='bbox 268 3965 570 4029; x_wconf 87' lang='lat' dir='ltr'><strong>iustitias</strong></span> <span class='ocrx_word' id='word_1_245' title='bbox 611 3978 973 4047; x_wconf 85' lang='lat' dir='ltr'><strong>portarum</strong></span> <span class='ocrx_word' id='word_1_246' title='bbox 1019 3968 1090 4030; x_wconf 77' lang='lat' dir='ltr'><strong>S.</strong></span> <span class='ocrx_word' id='word_1_247' title='bbox 1137 3967 1490 4030; x_wconf 87' lang='lat' dir='ltr'><strong>Laurentii</strong></span> <span class='ocrx_word' id='word_1_248' title='bbox 1528 3978 1598 4030; x_wconf 84' lang='lat' dir='ltr'><strong>et</strong></span> <span class='ocrx_word' id='word_1_249' title='bbox 1628 3969 1784 4029; x_wconf 88' lang='lat' dir='ltr'><strong>Per-</strong></span> 
     </span>
     <span class='ocr_line' id='line_1_42' title="bbox 171 4060 1784 4142; baseline 0.002 -21"><span class='ocrx_word' id='word_1_250' title='bbox 171 4060 326 4121; x_wconf 85' lang='lat' dir='ltr'><strong>tuxii</strong></span> <span class='ocrx_word' id='word_1_251' title='bbox 349 4108 364 4133; x_wconf 91' lang='lat'><strong>,</strong></span> <span class='ocrx_word' id='word_1_252' title='bbox 438 4078 574 4140; x_wconf 87' lang='lat' dir='ltr'><strong>pro</strong></span> <span class='ocrx_word' id='word_1_253' title='bbox 638 4060 972 4124; x_wconf 80' lang='lat' dir='ltr'><strong>tribunali</strong></span> <span class='ocrx_word' id='word_1_254' title='bbox 1053 4063 1360 4135; x_wconf 87' lang='lat' dir='ltr'><strong>sedente,</strong></span> <span class='ocrx_word' id='word_1_255' title='bbox 1423 4062 1784 4142; x_wconf 86' lang='lat' dir='ltr'><strong>praedicta</strong></span> 
     </span>
     <span class='ocr_line' id='line_1_43' title="bbox 175 4151 1782 4237; baseline 0.001 -21"><span class='ocrx_word' id='word_1_256' title='bbox 175 4156 332 4216; x_wconf 88' lang='lat' dir='ltr'><strong>bona</strong></span> <span class='ocrx_word' id='word_1_257' title='bbox 371 4174 414 4215; x_wconf 89' lang='lat' dir='ltr'><strong>a</strong></span> <span class='ocrx_word' id='word_1_258' title='bbox 460 4151 886 4234; x_wconf 79' lang='lat' dir='ltr'><strong>quibusdam</strong></span> <span class='ocrx_word' id='word_1_259' title='bbox 913 4154 1257 4220; x_wconf 88' lang='lat' dir='ltr'><strong>fictaliciis</strong></span> <span class='ocrx_word' id='word_1_260' title='bbox 1287 4156 1450 4227; x_wconf 84' lang='lat' dir='ltr'><strong>suiS,</strong></span> <span class='ocrx_word' id='word_1_261' title='bbox 1483 4155 1602 4237; x_wconf 92' lang='lat' dir='ltr'><strong>qui</strong></span> <span class='ocrx_word' id='word_1_262' title='bbox 1638 4176 1782 4218; x_wconf 91' lang='lat' dir='ltr'><strong>ces-</strong></span> 
     </span>
     <span class='ocr_line' id='line_1_44' title="bbox 177 4247 1165 4315; baseline 0.001 -3"><span class='ocrx_word' id='word_1_263' title='bbox 177 4256 475 4312; x_wconf 85' lang='lat' dir='ltr'><strong>saverant</strong></span> <span class='ocrx_word' id='word_1_264' title='bbox 521 4266 565 4308; x_wconf 89' lang='lat' dir='ltr'><strong>a</strong></span> <span class='ocrx_word' id='word_1_265' title='bbox 608 4247 956 4313; x_wconf 84' lang='lat' dir='ltr'><strong>solutione</strong></span> <span class='ocrx_word' id='word_1_266' title='bbox 1001 4249 1165 4315; x_wconf 87' lang='lat' dir='ltr'><strong>ficti.</strong></span> 
     </span>
    </p>
   </div>
   <div class='ocr_carea' id='block_1_12' title="bbox 177 4464 1498 4552">
    <p class='ocr_par' dir='ltr' id='par_1_15' title="bbox 177 4464 1498 4552">
     <span class='ocr_line' id='line_1_45' title="bbox 177 4464 1498 4552; baseline -0.005 -19"><span class='ocrx_word' id='word_1_267' title='bbox 177 4488 246 4535; x_wconf 86' lang='lat'><strong>12.</strong></span> <span class='ocrx_word' id='word_1_268' title='bbox 285 4512 360 4519; x_wconf 93' lang='lat'>—</span> <span class='ocrx_word' id='word_1_269' title='bbox 413 4490 596 4552; x_wconf 88' lang='lat'>1302,</span> <span class='ocrx_word' id='word_1_270' title='bbox 641 4488 795 4533; x_wconf 83' lang='lat' dir='ltr'><strong>nov.</strong></span> <span class='ocrx_word' id='word_1_271' title='bbox 845 4490 944 4549; x_wconf 89' lang='lat'><strong>24,</strong></span> <span class='ocrx_word' id='word_1_272' title='bbox 993 4467 1048 4539; x_wconf 87' lang='lat' dir='ltr'><strong>J,</strong></span> <span class='ocrx_word' id='word_1_273' title='bbox 1113 4464 1498 4530; x_wconf 78' lang='lat' dir='ltr'><strong>Cremonae.</strong></span> 
     </span>
    </p>
   </div>
   <div class='ocr_carea' id='block_1_13' title="bbox 245 4616 1784 4701">
    <p class='ocr_par' dir='ltr' id='par_1_16' title="bbox 245 4616 1784 4701">
     <span class='ocr_line' id='line_1_46' title="bbox 245 4616 1784 4701; baseline -0.006 -13"><span class='ocrx_word' id='word_1_274' title='bbox 245 4624 666 4689; x_wconf 89' lang='lat' dir='ltr'><strong>Investitura</strong></span> <span class='ocrx_word' id='word_1_275' title='bbox 703 4620 1092 4687; x_wconf 85' lang='lat' dir='ltr'><strong>honorifica</strong></span> <span class='ocrx_word' id='word_1_276' title='bbox 1134 4640 1261 4701; x_wconf 87' lang='lat' dir='ltr'><strong>per</strong></span> <span class='ocrx_word' id='word_1_277' title='bbox 1291 4618 1572 4681; x_wconf 89' lang='lat' dir='ltr'><strong>feudum</strong></span> <span class='ocrx_word' id='word_1_278' title='bbox 1602 4616 1784 4681; x_wconf 87' lang='lat' dir='ltr'><strong>facta</strong></span> 
     </span>
    </p>
   </div>
   <div class='ocr_carea' id='block_1_14' title="bbox 177 4712 1835 4920">
    <p class='ocr_par' dir='ltr' id='par_1_17' title="bbox 177 4712 1835 4920">
     <span class='ocr_line' id='line_1_47' title="bbox 177 4712 1788 4799; baseline -0.005 -19"><span class='ocrx_word' id='word_1_279' title='bbox 177 4738 282 4798; x_wconf 86' lang='lat' dir='ltr'><strong>per</strong></span> <span class='ocrx_word' id='word_1_280' title='bbox 299 4719 638 4783; x_wconf 89' lang='lat' dir='ltr'><strong>vicarium</strong></span> <span class='ocrx_word' id='word_1_281' title='bbox 661 4716 978 4799; x_wconf 89' lang='lat' dir='ltr'><strong>episcopi</strong></span> <span class='ocrx_word' id='word_1_282' title='bbox 1003 4712 1338 4785; x_wconf 88' lang='lat' dir='ltr'><strong>Rainerii,</strong></span> <span class='ocrx_word' id='word_1_283' title='bbox 1356 4712 1632 4775; x_wconf 90' lang='lat' dir='ltr'><strong>nomine</strong></span> <span class='ocrx_word' id='word_1_284' title='bbox 1650 4712 1788 4792; x_wconf 91' lang='lat' dir='ltr'><strong>epi·</strong></span> 
     </span>
     <span class='ocr_line' id='line_1_48' title="bbox 179 4770 1835 4920; baseline -0.003 -49"><span class='ocrx_word' id='word_1_285' title='bbox 179 4812 390 4893; x_wconf 89' lang='lat' dir='ltr'><strong>scopii,</strong></span> <span class='ocrx_word' id='word_1_286' title='bbox 419 4812 494 4875; x_wconf 89' lang='lat' dir='ltr'><strong>in</strong></span> <span class='ocrx_word' id='word_1_287' title='bbox 527 4809 1196 4891; x_wconf 84' lang='lat' dir='ltr'><strong>archipresbiterum</strong></span> <span class='ocrx_word' id='word_1_288' title='bbox 1229 4804 1456 4887; x_wconf 90' lang='lat' dir='ltr'><strong>plebis</strong></span> <span class='ocrx_word' id='word_1_289' title='bbox 1493 4804 1562 4865; x_wconf 79' lang='lat' dir='ltr'><strong>S.</strong></span> <span class='ocrx_word' id='word_1_290' title='bbox 1587 4804 1780 4867; x_wconf 87' lang='lat' dir='ltr'><strong>Mau-</strong></span> <span class='ocrx_word' id='word_1_291' title='bbox 1829 4770 1835 4920; x_wconf 73' lang='grc' dir='ltr'>Ι</span> 
     </span>
    </p>
   </div>
   <div class='ocr_carea' id='block_1_15' title="bbox 177 4898 1780 4979">
    <p class='ocr_par' dir='ltr' id='par_1_18' title="bbox 177 4898 1780 4979">
     <span class='ocr_line' id='line_1_49' title="bbox 177 4898 1780 4979; baseline -0.004 -15"><span class='ocrx_word' id='word_1_292' title='bbox 177 4905 292 4968; x_wconf 87' lang='lat' dir='ltr'><strong>ritii</strong></span> <span class='ocrx_word' id='word_1_293' title='bbox 339 4906 424 4967; x_wconf 90' lang='lat' dir='ltr'><strong>de</strong></span> <span class='ocrx_word' id='word_1_294' title='bbox 468 4903 866 4975; x_wconf 87' lang='lat' dir='ltr'><strong>Casanova,</strong></span> <span class='ocrx_word' id='word_1_295' title='bbox 919 4900 1202 4964; x_wconf 90' lang='lat' dir='ltr'><strong>nomine</strong></span> <span class='ocrx_word' id='word_1_296' title='bbox 1248 4898 1475 4960; x_wconf 92' lang='lat' dir='ltr'><strong>dictae</strong></span> <span class='ocrx_word' id='word_1_297' title='bbox 1535 4898 1780 4979; x_wconf 92' lang='lat' dir='ltr'><strong>plebis,</strong></span> 
     </span>
    </p>
   </div>
   <div class='ocr_carea' id='block_1_16' title="bbox 181 4992 1834 5063">
    <p class='ocr_par' dir='ltr' id='par_1_19' title="bbox 181 4992 1834 5063">
     <span class='ocr_line' id='line_1_50' title="bbox 181 4992 1834 5063; baseline -0.008 -4"><span class='ocrx_word' id='word_1_298' title='bbox 181 4998 248 5060; x_wconf 87' lang='lat' dir='ltr'><strong>de</strong></span> <span class='ocrx_word' id='word_1_299' title='bbox 275 4998 542 5063; x_wconf 91' lang='lat' dir='ltr'><strong>decima</strong></span> <span class='ocrx_word' id='word_1_300' title='bbox 571 5007 642 5061; x_wconf 90' lang='lat' dir='ltr'><strong>et</strong></span> <span class='ocrx_word' id='word_1_301' title='bbox 668 4995 1044 5059; x_wconf 87' lang='lat' dir='ltr'><strong>decimaria</strong></span> <span class='ocrx_word' id='word_1_302' title='bbox 1067 4992 1416 5056; x_wconf 91' lang='lat' dir='ltr'><strong>fructuum</strong></span> <span class='ocrx_word' id='word_1_303' title='bbox 1445 5000 1784 5053; x_wconf 89' lang='lat' dir='ltr'><strong>terrarum</strong></span> <span class='ocrx_word' id='word_1_304' title='bbox 1831 5035 1834 5046; x_wconf 93' lang='lat'><strong>.</strong></span> 
     </span>
    </p>
   </div>
   <div class='ocr_carea' id='block_1_17' title="bbox 179 5082 1788 5533">
    <p class='ocr_par' dir='ltr' id='par_1_20' title="bbox 179 5082 1788 5533">
     <span class='ocr_line' id='line_1_51' title="bbox 179 5082 1783 5167; baseline -0.004 -16"><span class='ocrx_word' id='word_1_305' title='bbox 179 5091 520 5155; x_wconf 78' lang='lat' dir='ltr'><strong>iacentium</strong></span> <span class='ocrx_word' id='word_1_306' title='bbox 573 5090 648 5153; x_wconf 92' lang='lat' dir='ltr'><strong>in</strong></span> <span class='ocrx_word' id='word_1_307' title='bbox 691 5088 1046 5151; x_wconf 88' lang='lat' dir='ltr'><strong>territorio</strong></span> <span class='ocrx_word' id='word_1_308' title='bbox 1089 5085 1413 5167; x_wconf 85' lang='lat' dir='ltr'><strong>plebatus</strong></span> <span class='ocrx_word' id='word_1_309' title='bbox 1465 5082 1536 5149; x_wconf 84' lang='lat' dir='ltr'><strong>S.</strong></span> <span class='ocrx_word' id='word_1_310' title='bbox 1589 5084 1783 5147; x_wconf 90' lang='lat' dir='ltr'><strong>Mau-</strong></span> 
     </span>
     <span class='ocr_line' id='line_1_52' title="bbox 183 5178 1776 5255; baseline -0.003 -9"><span class='ocrx_word' id='word_1_311' title='bbox 183 5184 292 5248; x_wconf 86' lang='lat' dir='ltr'><strong>ritii</strong></span> <span class='ocrx_word' id='word_1_312' title='bbox 335 5187 420 5249; x_wconf 87' lang='lat' dir='ltr'><strong>de</strong></span> <span class='ocrx_word' id='word_1_313' title='bbox 481 5184 880 5255; x_wconf 88' lang='lat' dir='ltr'><strong>Casanova,</strong></span> <span class='ocrx_word' id='word_1_314' title='bbox 939 5180 1317 5252; x_wconf 87' lang='lat' dir='ltr'><strong>Ronchae‚</strong></span> <span class='ocrx_word' id='word_1_315' title='bbox 1377 5178 1776 5253; x_wconf 83' lang='lat' dir='ltr'><strong>DeroveriS,</strong></span> 
     </span>
     <span class='ocr_line' id='line_1_53' title="bbox 183 5272 1782 5343; baseline -0.004 -2"><span class='ocrx_word' id='word_1_316' title='bbox 183 5278 237 5341; x_wconf 88' lang='lat' dir='ltr'><strong>S.</strong></span> <span class='ocrx_word' id='word_1_317' title='bbox 273 5278 586 5343; x_wconf 89' lang='lat' dir='ltr'><strong>Mauricii</strong></span> <span class='ocrx_word' id='word_1_318' title='bbox 635 5277 723 5340; x_wconf 94' lang='lat' dir='ltr'><strong>de</strong></span> <span class='ocrx_word' id='word_1_319' title='bbox 767 5277 922 5338; x_wconf 78' lang='lat' dir='ltr'><strong>lacu</strong></span> <span class='ocrx_word' id='word_1_320' title='bbox 981 5274 1366 5337; x_wconf 88' lang='lat' dir='ltr'><strong>Delmonae</strong></span> <span class='ocrx_word' id='word_1_321' title='bbox 1389 5322 1406 5343; x_wconf 91' lang='lat'><strong>,</strong></span> <span class='ocrx_word' id='word_1_322' title='bbox 1476 5272 1782 5335; x_wconf 89' lang='lat' dir='ltr'><strong>Scando-</strong></span> 
     </span>
     <span class='ocr_line' id='line_1_54' title="bbox 183 5366 1788 5455; baseline -0.002 -24"><span class='ocrx_word' id='word_1_323' title='bbox 183 5371 364 5437; x_wconf 85' lang='lat' dir='ltr'><strong>lariae</strong></span> <span class='ocrx_word' id='word_1_324' title='bbox 409 5373 604 5455; x_wconf 85' lang='lat' dir='ltr'><strong>ripae</strong></span> <span class='ocrx_word' id='word_1_325' title='bbox 649 5370 846 5443; x_wconf 89' lang='lat' dir='ltr'><strong>Padi,</strong></span> <span class='ocrx_word' id='word_1_326' title='bbox 891 5367 1222 5443; x_wconf 87' lang='lat' dir='ltr'><strong>Gataroli,</strong></span> <span class='ocrx_word' id='word_1_327' title='bbox 1253 5369 1343 5430; x_wconf 90' lang='lat' dir='ltr'><strong>de</strong></span> <span class='ocrx_word' id='word_1_328' title='bbox 1379 5366 1681 5441; x_wconf 90' lang='lat' dir='ltr'><strong>Lamme,</strong></span> <span class='ocrx_word' id='word_1_329' title='bbox 1715 5376 1788 5428; x_wconf 91' lang='lat' dir='ltr'><strong>et</strong></span> 
     </span>
     <span class='ocr_line' id='line_1_55' title="bbox 183 5459 1786 5533; baseline -0.002 -7"><span class='ocrx_word' id='word_1_330' title='bbox 183 5463 496 5533; x_wconf 87' lang='lat' dir='ltr'><strong>fructuum</strong></span> <span class='ocrx_word' id='word_1_331' title='bbox 541 5476 888 5530; x_wconf 87' lang='lat' dir='ltr'><strong>terrarum</strong></span> <span class='ocrx_word' id='word_1_332' title='bbox 932 5461 1240 5525; x_wconf 90' lang='lat' dir='ltr'><strong>omnium</strong></span> <span class='ocrx_word' id='word_1_333' title='bbox 1303 5459 1654 5525; x_wconf 87' lang='lat' dir='ltr'><strong>novalium</strong></span> <span class='ocrx_word' id='word_1_334' title='bbox 1714 5470 1786 5523; x_wconf 91' lang='lat' dir='ltr'><strong>et</strong></span> 
     </span>
    </p>
   </div>
   <div class='ocr_carea' id='block_1_18' title="bbox 1827 1369 1836 1547">
    <p class='ocr_par' dir='ltr' id='par_1_21' title="bbox 1827 1369 1836 1547">
     <span class='ocr_line' id='line_1_56' title="bbox 1827 1369 1836 1547; baseline 0 4562"><span class='ocrx_word' id='word_1_335' title='bbox 1827 1369 1836 1547; x_wconf 95' lang='lat' dir='ltr'><strong> </strong></span> 
     </span>
    </p>
   </div>
   <div class='ocr_carea' id='block_1_19' title="bbox 1829 4449 1835 4767">
    <p class='ocr_par' dir='ltr' id='par_1_22' title="bbox 1829 4449 1835 4767">
     <span class='ocr_line' id='line_1_57' title="bbox 1829 4449 1835 4767; baseline 0 0"><span class='ocrx_word' id='word_1_336' title='bbox 1829 4449 1835 4767; x_wconf 95' lang='lat' dir='ltr'><strong> </strong></span> 
     </span>
    </p>
   </div>
   <div class='ocr_carea' id='block_1_20' title="bbox 1964 1227 3502 1395">
    <p class='ocr_par' dir='ltr' id='par_1_23' title="bbox 1964 1227 3502 1395">
     <span class='ocr_line' id='line_1_58' title="bbox 1965 1227 3502 1313; baseline 0.003 -24"><span class='ocrx_word' id='word_1_337' title='bbox 1965 1227 2149 1291; x_wconf 81' lang='lat' dir='ltr'><em>Acta</em></span> <span class='ocrx_word' id='word_1_338' title='bbox 2192 1232 2261 1291; x_wconf 86' lang='lat' dir='ltr'><strong>et</strong></span> <span class='ocrx_word' id='word_1_339' title='bbox 2296 1228 2694 1313; x_wconf 58' lang='lat' dir='ltr'><strong>Deplomato</strong></span> <span class='ocrx_word' id='word_1_340' title='bbox 2737 1251 2773 1293; x_wconf 90' lang='lat' dir='ltr'><strong>e</strong></span> <span class='ocrx_word' id='word_1_341' title='bbox 2836 1231 2925 1295; x_wconf 88' lang='lat' dir='ltr'><strong>R.</strong></span> <span class='ocrx_word' id='word_1_342' title='bbox 3006 1232 3072 1295; x_wconf 86' lang='grc' dir='ltr'><em>Τ</em></span> <span class='ocrx_word' id='word_1_343' title='bbox 3059 1229 3157 1295; x_wconf 83' lang='lat' dir='ltr'><strong>ab.</strong></span> <span class='ocrx_word' id='word_1_344' title='bbox 3238 1233 3502 1303; x_wconf 84' lang='lat' dir='ltr'><strong>Veneto,</strong></span> 
     </span>
     <span class='ocr_line' id='line_1_59' title="bbox 1964 1318 2399 1395; baseline -0.002 -11"><span class='ocrx_word' id='word_1_345' title='bbox 1964 1318 2105 1393; x_wconf 89' lang='lat' dir='ltr'><strong>III,</strong></span> <span class='ocrx_word' id='word_1_346' title='bbox 2160 1342 2209 1395; x_wconf 90' lang='lat'><strong>1,</strong></span> <span class='ocrx_word' id='word_1_347' title='bbox 2266 1341 2399 1385; x_wconf 88' lang='lat'><strong>120.</strong></span> 
     </span>
    </p>
   </div>
   <div class='ocr_carea' id='block_1_21' title="bbox 1879 1455 3509 2085">
    <p class='ocr_par' dir='ltr' id='par_1_24' title="bbox 1879 1455 3509 2085">
     <span class='ocr_line' id='line_1_60' title="bbox 1964 1455 3503 1539; baseline 0.004 -20"><span class='ocrx_word' id='word_1_348' title='bbox 1964 1455 2440 1539; x_wconf 75' lang='lat' dir='ltr'><strong>Quadraginta</strong></span> <span class='ocrx_word' id='word_1_349' title='bbox 2484 1459 2635 1533; x_wconf 91' lang='lat' dir='ltr'><strong>viri,</strong></span> <span class='ocrx_word' id='word_1_350' title='bbox 2668 1479 2825 1523; x_wconf 92' lang='lat' dir='ltr'><strong>cum</strong></span> <span class='ocrx_word' id='word_1_351' title='bbox 2862 1460 3205 1524; x_wconf 83' lang='lat' dir='ltr'><strong>Azolinus</strong></span> <span class='ocrx_word' id='word_1_352' title='bbox 3230 1462 3317 1523; x_wconf 88' lang='lat' dir='ltr'><strong>de</strong></span> <span class='ocrx_word' id='word_1_353' title='bbox 3346 1460 3503 1525; x_wconf 91' lang='lat' dir='ltr'><strong>Cre—</strong></span> 
     </span>
     <span class='ocr_line' id='line_1_61' title="bbox 1882 1553 3504 1618; baseline 0.003 -5"><span class='ocrx_word' id='word_1_354' title='bbox 1882 1572 2088 1614; x_wconf 90' lang='lat' dir='ltr'><strong>mona</strong></span> <span class='ocrx_word' id='word_1_355' title='bbox 2130 1562 2341 1615; x_wconf 84' lang='lat' dir='ltr'><strong>nauta</strong></span> <span class='ocrx_word' id='word_1_356' title='bbox 2395 1553 2570 1615; x_wconf 92' lang='lat' dir='ltr'><strong>Padi</strong></span> <span class='ocrx_word' id='word_1_357' title='bbox 2624 1554 2988 1617; x_wconf 91' lang='lat' dir='ltr'><strong>detulisset</strong></span> <span class='ocrx_word' id='word_1_358' title='bbox 3030 1565 3231 1618; x_wconf 84' lang='lat' dir='ltr'><strong>extra</strong></span> <span class='ocrx_word' id='word_1_359' title='bbox 3276 1556 3504 1618; x_wconf 90' lang='lat' dir='ltr'><strong>Vene-</strong></span> 
     </span>
     <span class='ocr_line' id='line_1_62' title="bbox 1879 1643 3507 1712; baseline 0.002 -5"><span class='ocrx_word' id='word_1_360' title='bbox 1879 1643 2014 1707; x_wconf 88' lang='lat' dir='ltr'><strong>tias</strong></span> <span class='ocrx_word' id='word_1_361' title='bbox 2078 1644 2351 1708; x_wconf 91' lang='lat' dir='ltr'><strong>modios</strong></span> <span class='ocrx_word' id='word_1_362' title='bbox 2415 1646 2579 1708; x_wconf 89' lang='lat' dir='ltr'><strong>salis</strong></span> <span class='ocrx_word' id='word_1_363' title='bbox 2651 1646 2739 1709; x_wconf 86' lang='lat' dir='ltr'><strong>de</strong></span> <span class='ocrx_word' id='word_1_364' title='bbox 2800 1648 2975 1709; x_wconf 90' lang='lat' dir='ltr'><strong>mari</strong></span> <span class='ocrx_word' id='word_1_365' title='bbox 3040 1658 3113 1712; x_wconf 92' lang='lat' dir='ltr'><strong>et</strong></span> <span class='ocrx_word' id='word_1_366' title='bbox 3176 1648 3507 1711; x_wconf 89' lang='lat' dir='ltr'><strong>solvisset</strong></span> 
     </span>
     <span class='ocr_line' id='line_1_63' title="bbox 1881 1739 3507 1823; baseline 0.002 -22"><span class='ocrx_word' id='word_1_367' title='bbox 1881 1740 2166 1812; x_wconf 89' lang='lat' dir='ltr'><strong>datium,</strong></span> <span class='ocrx_word' id='word_1_368' title='bbox 2212 1748 2281 1802; x_wconf 81' lang='lat' dir='ltr'><strong>et</strong></span> <span class='ocrx_word' id='word_1_369' title='bbox 2324 1760 2451 1821; x_wconf 89' lang='lat' dir='ltr'><strong>per</strong></span> <span class='ocrx_word' id='word_1_370' title='bbox 2494 1739 2837 1803; x_wconf 89' lang='lat' dir='ltr'><strong>fortunale</strong></span> <span class='ocrx_word' id='word_1_371' title='bbox 2866 1742 3201 1822; x_wconf 88' lang='lat' dir='ltr'><strong>temporis</strong></span> <span class='ocrx_word' id='word_1_372' title='bbox 3236 1740 3507 1823; x_wconf 88' lang='lat' dir='ltr'><strong>pericli-</strong></span> 
     </span>
     <span class='ocr_line' id='line_1_64' title="bbox 1879 1831 3506 1917; baseline -0.001 -20"><span class='ocrx_word' id='word_1_373' title='bbox 1879 1842 2096 1897; x_wconf 87' lang='lat' dir='ltr'><strong>tasset</strong></span> <span class='ocrx_word' id='word_1_374' title='bbox 2139 1831 2212 1895; x_wconf 89' lang='lat' dir='ltr'><strong>in</strong></span> <span class='ocrx_word' id='word_1_375' title='bbox 2256 1843 2462 1914; x_wconf 88' lang='lat' dir='ltr'><strong>portu</strong></span> <span class='ocrx_word' id='word_1_376' title='bbox 2496 1833 2803 1917; x_wconf 81' lang='lat' dir='ltr'><strong>Clugiae,</strong></span> <span class='ocrx_word' id='word_1_377' title='bbox 2835 1844 3150 1897; x_wconf 87' lang='lat' dir='ltr'><strong>statuunt</strong></span> <span class='ocrx_word' id='word_1_378' title='bbox 3180 1843 3256 1897; x_wconf 89' lang='lat' dir='ltr'><strong>ut</strong></span> <span class='ocrx_word' id='word_1_379' title='bbox 3285 1834 3405 1898; x_wconf 88' lang='lat' dir='ltr'><strong>fiat</strong></span> <span class='ocrx_word' id='word_1_380' title='bbox 3440 1834 3506 1897; x_wconf 93' lang='lat' dir='ltr'><strong>ei</strong></span> 
     </span>
     <span class='ocr_line' id='line_1_65' title="bbox 1881 1926 3509 2011; baseline 0 -21"><span class='ocrx_word' id='word_1_381' title='bbox 1881 1928 2107 2011; x_wconf 82' lang='lat' dir='ltr'><strong>gratia</strong></span> <span class='ocrx_word' id='word_1_382' title='bbox 2150 1926 2237 1989; x_wconf 92' lang='lat' dir='ltr'><strong>de</strong></span> <span class='ocrx_word' id='word_1_383' title='bbox 2282 1926 2532 1989; x_wconf 91' lang='lat' dir='ltr'><strong>modiis</strong></span> <span class='ocrx_word' id='word_1_384' title='bbox 2596 1946 2668 2007; x_wconf 88' lang='lat'><strong>7,</strong></span> <span class='ocrx_word' id='word_1_385' title='bbox 2737 1948 2914 2009; x_wconf 91' lang='lat' dir='ltr'><strong>quae</strong></span> <span class='ocrx_word' id='word_1_386' title='bbox 2978 1928 3323 2009; x_wconf 90' lang='lat' dir='ltr'><strong>perdidit,</strong></span> <span class='ocrx_word' id='word_1_387' title='bbox 3392 1948 3509 1990; x_wconf 87' lang='lat' dir='ltr'><strong>ex-</strong></span> 
     </span>
     <span class='ocr_line' id='line_1_66' title="bbox 1881 2020 2686 2085; baseline -0.004 -1"><span class='ocrx_word' id='word_1_388' title='bbox 1881 2020 2236 2085; x_wconf 87' lang='lat' dir='ltr'><strong>trahendis</strong></span> <span class='ocrx_word' id='word_1_389' title='bbox 2282 2020 2431 2083; x_wconf 89' lang='lat' dir='ltr'><strong>sine</strong></span> <span class='ocrx_word' id='word_1_390' title='bbox 2477 2020 2686 2083; x_wconf 89' lang='lat' dir='ltr'><strong>datio.</strong></span> 
     </span>
    </p>
   </div>
   <div class='ocr_carea' id='block_1_22' title="bbox 1880 2220 3503 2382">
    <p class='ocr_par' dir='ltr' id='par_1_25' title="bbox 1880 2220 3503 2382">
     <span class='ocr_line' id='line_1_67' title="bbox 1880 2220 3503 2310; baseline 0 -22"><span class='ocrx_word' id='word_1_391' title='bbox 1880 2246 1966 2305; x_wconf 85' lang='lat'><strong>14.</strong></span> <span class='ocrx_word' id='word_1_392' title='bbox 2013 2262 2096 2271; x_wconf 90' lang='lat'><strong>-—</strong></span> <span class='ocrx_word' id='word_1_393' title='bbox 2148 2245 2304 2305; x_wconf 90' lang='grc'>1303</span> <span class='ocrx_word' id='word_1_394' title='bbox 2364 2228 2549 2307; x_wconf 87' lang='grc'>(1302</span> <span class='ocrx_word' id='word_1_395' title='bbox 2621 2220 2791 2307; x_wconf 65' lang='lat' dir='ltr'><strong>ina),</strong></span> <span class='ocrx_word' id='word_1_396' title='bbox 2843 2223 3032 2310; x_wconf 84' lang='lat' dir='ltr'><strong>febr.</strong></span> <span class='ocrx_word' id='word_1_397' title='bbox 3098 2246 3155 2301; x_wconf 93' lang='lat'><strong>2,</strong></span> <span class='ocrx_word' id='word_1_398' title='bbox 3226 2225 3279 2299; x_wconf 90' lang='lat' dir='ltr'><strong>I,</strong></span> <span class='ocrx_word' id='word_1_399' title='bbox 3348 2225 3503 2290; x_wconf 83' lang='lat' dir='ltr'><strong>Cre-</strong></span> 
     </span>
     <span class='ocr_line' id='line_1_68' title="bbox 1966 2339 2222 2382; baseline 0.004 -1"><span class='ocrx_word' id='word_1_400' title='bbox 1966 2339 2222 2382; x_wconf 83' lang='lat' dir='ltr'><strong>monae.</strong></span> 
     </span>
    </p>
   </div>
   <div class='ocr_carea' id='block_1_23' title="bbox 1964 2454 3504 2540">
    <p class='ocr_par' dir='ltr' id='par_1_26' title="bbox 1964 2454 3504 2540">
     <span class='ocr_line' id='line_1_69' title="bbox 1964 2454 3504 2540; baseline -0.001 -22"><span class='ocrx_word' id='word_1_401' title='bbox 1964 2455 2439 2519; x_wconf 85' lang='lat' dir='ltr'><strong>Inventarium</strong></span> <span class='ocrx_word' id='word_1_402' title='bbox 2462 2456 2805 2519; x_wconf 90' lang='lat' dir='ltr'><strong>bonorum</strong></span> <span class='ocrx_word' id='word_1_403' title='bbox 2830 2477 2895 2540; x_wconf 90' lang='lat' dir='ltr'><strong>q.</strong></span> <span class='ocrx_word' id='word_1_404' title='bbox 2921 2454 3201 2519; x_wconf 89' lang='lat' dir='ltr'><strong>Cabrini</strong></span> <span class='ocrx_word' id='word_1_405' title='bbox 3223 2454 3504 2518; x_wconf 91' lang='lat' dir='ltr'><strong>Baroni.</strong></span> 
     </span>
    </p>
   </div>
   <div class='ocr_carea' id='block_1_24' title="bbox 1878 2641 3506 3167">
    <p class='ocr_par' dir='ltr' id='par_1_27' title="bbox 1878 2641 3506 3167">
     <span class='ocr_line' id='line_1_70' title="bbox 1945 2641 3495 2707; baseline -0.001 -12"><span class='ocrx_word' id='word_1_406' title='bbox 1945 2642 2006 2695; x_wconf 91' lang='lat' dir='ltr'><strong>Si</strong></span> <span class='ocrx_word' id='word_1_407' title='bbox 2043 2658 2241 2707; x_wconf 84' lang='lat' dir='ltr'><strong>segna,</strong></span> <span class='ocrx_word' id='word_1_408' title='bbox 2280 2641 2363 2695; x_wconf 87' lang='lat' dir='ltr'><strong>sra</strong></span> <span class='ocrx_word' id='word_1_409' title='bbox 2416 2642 2451 2694; x_wconf 86' lang='lat' dir='ltr'><strong>il</strong></span> <span class='ocrx_word' id='word_1_410' title='bbox 2500 2649 2680 2694; x_wconf 89' lang='lat' dir='ltr'><strong>resto:</strong></span> <span class='ocrx_word' id='word_1_411' title='bbox 2718 2657 2751 2706; x_wconf 88' lang='lat'><strong>4</strong></span> <span class='ocrx_word' id='word_1_412' title='bbox 2786 2641 3016 2695; x_wconf 88' lang='lat' dir='ltr'><strong>telarios</strong></span> <span class='ocrx_word' id='word_1_413' title='bbox 3052 2658 3183 2696; x_wconf 88' lang='lat' dir='ltr'><strong>cum</strong></span> <span class='ocrx_word' id='word_1_414' title='bbox 3218 2648 3495 2707; x_wconf 89' lang='lat' dir='ltr'><strong>apparatu</strong></span> 
     </span>
     <span class='ocr_line' id='line_1_71' title="bbox 1881 2716 3505 2784; baseline 0 -13"><span class='ocrx_word' id='word_1_415' title='bbox 1881 2736 1916 2772; x_wconf 85' lang='lat' dir='ltr'><strong>a</strong></span> <span class='ocrx_word' id='word_1_416' title='bbox 1951 2718 2207 2771; x_wconf 85' lang='lat' dir='ltr'><strong>texendo</strong></span> <span class='ocrx_word' id='word_1_417' title='bbox 2228 2734 2486 2784; x_wconf 85' lang='lat' dir='ltr'><strong>pannum</strong></span> <span class='ocrx_word' id='word_1_418' title='bbox 2512 2719 2630 2781; x_wconf 87' lang='lat' dir='ltr'><strong>lini,</strong></span> <span class='ocrx_word' id='word_1_419' title='bbox 2664 2734 2687 2771; x_wconf 91' lang='lat'><strong>1</strong></span> <span class='ocrx_word' id='word_1_420' title='bbox 2717 2716 3055 2771; x_wconf 78' lang='lat' dir='ltr'><strong>cavalletum</strong></span> <span class='ocrx_word' id='word_1_421' title='bbox 3082 2718 3157 2771; x_wconf 82' lang='lat' dir='ltr'><strong>ad</strong></span> <span class='ocrx_word' id='word_1_422' title='bbox 3178 2718 3505 2772; x_wconf 84' lang='lat' dir='ltr'><strong>ordendum</strong></span> 
     </span>
     <span class='ocr_line' id='line_1_72' title="bbox 1881 2794 3505 2862; baseline 0 -13"><span class='ocrx_word' id='word_1_423' title='bbox 1881 2794 2061 2857; x_wconf 87' lang='lat' dir='ltr'><strong>filum,</strong></span> <span class='ocrx_word' id='word_1_424' title='bbox 2106 2812 2127 2849; x_wconf 89' lang='lat'><strong>1</strong></span> <span class='ocrx_word' id='word_1_425' title='bbox 2166 2794 2415 2849; x_wconf 84' lang='lat' dir='ltr'><strong>tasolum</strong></span> <span class='ocrx_word' id='word_1_426' title='bbox 2471 2811 2747 2861; x_wconf 82' lang='lat' dir='ltr'><strong>magnum</strong></span> <span class='ocrx_word' id='word_1_427' title='bbox 2782 2803 2841 2849; x_wconf 86' lang='lat' dir='ltr'><strong>et</strong></span> <span class='ocrx_word' id='word_1_428' title='bbox 2878 2811 2901 2847; x_wconf 94' lang='lat'><strong>1</strong></span> <span class='ocrx_word' id='word_1_429' title='bbox 2942 2812 3181 2862; x_wconf 81' lang='lat' dir='ltr'><strong>parvum</strong></span> <span class='ocrx_word' id='word_1_430' title='bbox 3218 2795 3293 2849; x_wconf 89' lang='lat' dir='ltr'><strong>de</strong></span> <span class='ocrx_word' id='word_1_431' title='bbox 3327 2795 3505 2849; x_wconf 87' lang='lat' dir='ltr'><strong>cassis</strong></span> 
     </span>
     <span class='ocr_line' id='line_1_73' title="bbox 1879 2871 3503 2939; baseline 0.001 -16"><span class='ocrx_word' id='word_1_432' title='bbox 1879 2888 1980 2924; x_wconf 85' lang='lat' dir='ltr'><strong>sex</strong></span> <span class='ocrx_word' id='word_1_433' title='bbox 2015 2880 2349 2939; x_wconf 81' lang='lat' dir='ltr'><strong>quartarum</strong></span> <span class='ocrx_word' id='word_1_434' title='bbox 2386 2879 2444 2926; x_wconf 88' lang='lat' dir='ltr'><strong>et</strong></span> <span class='ocrx_word' id='word_1_435' title='bbox 2478 2871 2699 2925; x_wconf 85' lang='lat' dir='ltr'><strong>dimidii</strong></span> <span class='ocrx_word' id='word_1_436' title='bbox 2735 2888 2770 2924; x_wconf 90' lang='lat' dir='ltr'><strong>a</strong></span> <span class='ocrx_word' id='word_1_437' title='bbox 2806 2872 3119 2925; x_wconf 87' lang='lat' dir='ltr'><strong>texendum</strong></span> <span class='ocrx_word' id='word_1_438' title='bbox 3156 2888 3411 2938; x_wconf 83' lang='lat' dir='ltr'><strong>pannum</strong></span> <span class='ocrx_word' id='word_1_439' title='bbox 3443 2880 3503 2925; x_wconf 89' lang='lat' dir='ltr'><strong>et</strong></span> 
     </span>
     <span class='ocr_line' id='line_1_74' title="bbox 1879 2946 3506 3013; baseline 0.001 -13"><span class='ocrx_word' id='word_1_440' title='bbox 1879 2948 2223 3011; x_wconf 87' lang='lat' dir='ltr'><strong>lintiamina;</strong></span> <span class='ocrx_word' id='word_1_441' title='bbox 2262 2946 2443 3013; x_wconf 86' lang='lat' dir='ltr'><strong>piatti,</strong></span> <span class='ocrx_word' id='word_1_442' title='bbox 2482 2946 2701 3013; x_wconf 87' lang='lat' dir='ltr'><strong>taglieri</strong></span> <span class='ocrx_word' id='word_1_443' title='bbox 2740 2964 2773 2999; x_wconf 87' lang='lat' dir='ltr'><strong>e</strong></span> <span class='ocrx_word' id='word_1_444' title='bbox 2798 2964 2827 2999; x_wconf 86' lang='lat'><strong>2</strong></span> <span class='ocrx_word' id='word_1_445' title='bbox 2867 2964 3157 3009; x_wconf 84' lang='lat' dir='ltr'><strong>mesoros;</strong></span> <span class='ocrx_word' id='word_1_446' title='bbox 3200 2965 3221 3000; x_wconf 95' lang='lat'><strong>1</strong></span> <span class='ocrx_word' id='word_1_447' title='bbox 3262 2965 3506 3013; x_wconf 86' lang='lat' dir='ltr'><strong>guarna-</strong></span> 
     </span>
     <span class='ocr_line' id='line_1_75' title="bbox 1878 3022 3503 3078; baseline 0 -1"><span class='ocrx_word' id='word_1_448' title='bbox 1878 3040 2089 3077; x_wconf 85' lang='lat' dir='ltr'><strong>zonum</strong></span> <span class='ocrx_word' id='word_1_449' title='bbox 2126 3024 2199 3077; x_wconf 89' lang='lat' dir='ltr'><strong>de</strong></span> <span class='ocrx_word' id='word_1_450' title='bbox 2234 3030 2539 3077; x_wconf 82' lang='lat' dir='ltr'><strong>acotonato</strong></span> <span class='ocrx_word' id='word_1_451' title='bbox 2576 3022 2875 3078; x_wconf 87' lang='lat' dir='ltr'><strong>mezolano</strong></span> <span class='ocrx_word' id='word_1_452' title='bbox 2910 3040 2946 3077; x_wconf 82' lang='lat' dir='ltr'><strong>a</strong></span> <span class='ocrx_word' id='word_1_453' title='bbox 2982 3022 3220 3077; x_wconf 86' lang='lat' dir='ltr'><strong>muliere</strong></span> <span class='ocrx_word' id='word_1_454' title='bbox 3256 3022 3503 3077; x_wconf 88' lang='lat' dir='ltr'><strong>infodra-</strong></span> 
     </span>
     <span class='ocr_line' id='line_1_76' title="bbox 1878 3100 2268 3167; baseline -0.003 -13"><span class='ocrx_word' id='word_1_455' title='bbox 1878 3109 2002 3155; x_wconf 89' lang='lat' dir='ltr'><strong>tum</strong></span> <span class='ocrx_word' id='word_1_456' title='bbox 2040 3100 2268 3167; x_wconf 86' lang='lat' dir='ltr'><strong>agnelli.</strong></span> 
     </span>
    </p>
   </div>
   <div class='ocr_carea' id='block_1_25' title="bbox 1879 3270 3483 3355">
    <p class='ocr_par' dir='ltr' id='par_1_28' title="bbox 1879 3270 3483 3355">
     <span class='ocr_line' id='line_1_77' title="bbox 1879 3270 3483 3355; baseline 0 -20"><span class='ocrx_word' id='word_1_457' title='bbox 1879 3290 1964 3353; x_wconf 84' lang='lat'><strong>15.</strong></span> <span class='ocrx_word' id='word_1_458' title='bbox 2011 3310 2095 3319; x_wconf 93' lang='lat'>—</span> <span class='ocrx_word' id='word_1_459' title='bbox 2148 3288 2305 3349; x_wconf 89' lang='grc'>1303</span> <span class='ocrx_word' id='word_1_460' title='bbox 2350 3272 2533 3354; x_wconf 86' lang='grc'>(1302</span> <span class='ocrx_word' id='word_1_461' title='bbox 2581 3270 2733 3355; x_wconf 84' lang='lat' dir='ltr'><strong>inc.)</strong></span> <span class='ocrx_word' id='word_1_462' title='bbox 2776 3292 2983 3337; x_wconf 79' lang='lat' dir='ltr'><strong>marc.</strong></span> <span class='ocrx_word' id='word_1_463' title='bbox 3037 3293 3129 3347; x_wconf 89' lang='lat'><strong>12,</strong></span> <span class='ocrx_word' id='word_1_464' title='bbox 3176 3272 3235 3335; x_wconf 94' lang='lat' dir='ltr'><strong>I.</strong></span> <span class='ocrx_word' id='word_1_465' title='bbox 3280 3272 3375 3343; x_wconf 90' lang='lat' dir='ltr'><strong>D,</strong></span> <span class='ocrx_word' id='word_1_466' title='bbox 3425 3276 3483 3335; x_wconf 89' lang='lat'><strong>8.</strong></span> 
     </span>
    </p>
   </div>
   <div class='ocr_carea' id='block_1_26' title="bbox 1879 3406 3514 3751">
    <p class='ocr_par' dir='ltr' id='par_1_29' title="bbox 1879 3406 3514 3751">
     <span class='ocr_line' id='line_1_78' title="bbox 1963 3406 3513 3487; baseline -0.001 -17"><span class='ocrx_word' id='word_1_467' title='bbox 1963 3406 2395 3471; x_wconf 87' lang='lat' dir='ltr'><strong>Recordatio</strong></span> <span class='ocrx_word' id='word_1_468' title='bbox 2440 3406 2891 3471; x_wconf 79' lang='lat' dir='ltr'><strong>investiturae</strong></span> <span class='ocrx_word' id='word_1_469' title='bbox 2956 3407 3044 3470; x_wconf 92' lang='lat' dir='ltr'><strong>de</strong></span> <span class='ocrx_word' id='word_1_470' title='bbox 3108 3426 3249 3469; x_wconf 90' lang='lat' dir='ltr'><strong>una</strong></span> <span class='ocrx_word' id='word_1_471' title='bbox 3310 3406 3513 3487; x_wconf 87' lang='lat' dir='ltr'><strong>pecia</strong></span> 
     </span>
     <span class='ocr_line' id='line_1_79' title="bbox 1879 3500 3513 3583; baseline -0.002 -18"><span class='ocrx_word' id='word_1_472' title='bbox 1879 3510 2103 3565; x_wconf 89' lang='lat' dir='ltr'><strong>terrae</strong></span> <span class='ocrx_word' id='word_1_473' title='bbox 2171 3500 2489 3583; x_wconf 80' lang='lat' dir='ltr'><strong>guastiae</strong></span> <span class='ocrx_word' id='word_1_474' title='bbox 2516 3549 2531 3574; x_wconf 92' lang='lat'><strong>,</strong></span> <span class='ocrx_word' id='word_1_475' title='bbox 2597 3519 2819 3582; x_wconf 91' lang='lat' dir='ltr'><strong>prope</strong></span> <span class='ocrx_word' id='word_1_476' title='bbox 2874 3509 3148 3581; x_wconf 88' lang='lat' dir='ltr'><strong>portam</strong></span> <span class='ocrx_word' id='word_1_477' title='bbox 3217 3500 3513 3581; x_wconf 88' lang='lat' dir='ltr'><strong>Templi,</strong></span> 
     </span>
     <span class='ocr_line' id='line_1_80' title="bbox 1879 3592 3514 3675; baseline -0.001 -18"><span class='ocrx_word' id='word_1_478' title='bbox 1879 3594 2065 3657; x_wconf 89' lang='lat' dir='ltr'><strong>facta</strong></span> <span class='ocrx_word' id='word_1_479' title='bbox 2106 3615 2147 3657; x_wconf 87' lang='lat' dir='ltr'><strong>a</strong></span> <span class='ocrx_word' id='word_1_480' title='bbox 2189 3592 2501 3667; x_wconf 87' lang='lat' dir='ltr'><strong>Gabella,</strong></span> <span class='ocrx_word' id='word_1_481' title='bbox 2548 3594 3023 3675; x_wconf 88' lang='lat' dir='ltr'><strong>suprascripto</strong></span> <span class='ocrx_word' id='word_1_482' title='bbox 3070 3594 3202 3669; x_wconf 89' lang='lat' dir='ltr'><strong>die,</strong></span> <span class='ocrx_word' id='word_1_483' title='bbox 3258 3593 3329 3656; x_wconf 91' lang='lat' dir='ltr'><strong>in</strong></span> <span class='ocrx_word' id='word_1_484' title='bbox 3389 3594 3514 3655; x_wconf 89' lang='lat' dir='ltr'><strong>Pa-</strong></span> 
     </span>
     <span class='ocr_line' id='line_1_81' title="bbox 1880 3687 2594 3751; baseline -0.004 0"><span class='ocrx_word' id='word_1_485' title='bbox 1880 3688 2140 3751; x_wconf 82' lang='lat' dir='ltr'><strong>rixium</strong></span> <span class='ocrx_word' id='word_1_486' title='bbox 2186 3687 2594 3751; x_wconf 90' lang='lat' dir='ltr'><strong>Marianum.</strong></span> 
     </span>
    </p>
   </div>
   <div class='ocr_carea' id='block_1_27' title="bbox 1881 3872 3482 3953">
    <p class='ocr_par' dir='ltr' id='par_1_30' title="bbox 1881 3872 3482 3953">
     <span class='ocr_line' id='line_1_82' title="bbox 1881 3872 3482 3953; baseline -0.002 -14"><span class='ocrx_word' id='word_1_487' title='bbox 1881 3880 1967 3939; x_wconf 86' lang='lat'><strong>16.</strong></span> <span class='ocrx_word' id='word_1_488' title='bbox 2015 3912 2097 3921; x_wconf 86' lang='lat'>—</span> <span class='ocrx_word' id='word_1_489' title='bbox 2150 3894 2328 3953; x_wconf 91' lang='grc'>1303,</span> <span class='ocrx_word' id='word_1_490' title='bbox 2376 3892 2578 3937; x_wconf 80' lang='lat' dir='ltr'><strong>marc.</strong></span> <span class='ocrx_word' id='word_1_491' title='bbox 2636 3876 2728 3947; x_wconf 88' lang='lat'><strong>18,</strong></span> <span class='ocrx_word' id='word_1_492' title='bbox 2761 3873 2817 3947; x_wconf 93' lang='lat' dir='ltr'><strong>I,</strong></span> <span class='ocrx_word' id='word_1_493' title='bbox 2860 3872 3241 3938; x_wconf 80' lang='lat' dir='ltr'><strong>Cremonae.</strong></span> <span class='ocrx_word' id='word_1_494' title='bbox 3273 3873 3367 3946; x_wconf 88' lang='lat' dir='ltr'><strong>D,</strong></span> <span class='ocrx_word' id='word_1_495' title='bbox 3402 3893 3482 3935; x_wconf 95' lang='grc'><strong>20</strong></span> 
     </span>
    </p>
   </div>
   <div class='ocr_carea' id='block_1_28' title="bbox 1881 4006 3513 4842">
    <p class='ocr_par' dir='ltr' id='par_1_31' title="bbox 1881 4006 3513 4842">
     <span class='ocr_line' id='line_1_83' title="bbox 1966 4006 3505 4093; baseline -0.003 -18"><span class='ocrx_word' id='word_1_496' title='bbox 1966 4009 2347 4075; x_wconf 90' lang='lat' dir='ltr'><strong>Consilium</strong></span> <span class='ocrx_word' id='word_1_497' title='bbox 2413 4010 2732 4093; x_wconf 85' lang='lat' dir='ltr'><strong>gabellae</strong></span> <span class='ocrx_word' id='word_1_498' title='bbox 2800 4007 3171 4071; x_wconf 88' lang='lat' dir='ltr'><strong>denunciat</strong></span> <span class='ocrx_word' id='word_1_499' title='bbox 3235 4006 3505 4071; x_wconf 90' lang='lat' dir='ltr'><strong>sindico</strong></span> 
     </span>
     <span class='ocr_line' id='line_1_84' title="bbox 1883 4102 3507 4190; baseline -0.001 -23"><span class='ocrx_word' id='word_1_500' title='bbox 1883 4104 2193 4190; x_wconf 85' lang='lat' dir='ltr'><strong>generali</strong></span> <span class='ocrx_word' id='word_1_501' title='bbox 2241 4103 2627 4166; x_wconf 89' lang='lat' dir='ltr'><strong>communis</strong></span> <span class='ocrx_word' id='word_1_502' title='bbox 2682 4112 2750 4165; x_wconf 91' lang='lat' dir='ltr'><strong>et</strong></span> <span class='ocrx_word' id='word_1_503' title='bbox 2810 4102 3053 4185; x_wconf 91' lang='lat' dir='ltr'><strong>populi</strong></span> <span class='ocrx_word' id='word_1_504' title='bbox 3116 4103 3306 4183; x_wconf 89' lang='lat' dir='ltr'><strong>quod</strong></span> <span class='ocrx_word' id='word_1_505' title='bbox 3366 4122 3507 4165; x_wconf 90' lang='lat' dir='ltr'><strong>non</strong></span> 
     </span>
     <span class='ocr_line' id='line_1_85' title="bbox 1882 4193 3505 4279; baseline -0.002 -19"><span class='ocrx_word' id='word_1_506' title='bbox 1882 4199 2133 4261; x_wconf 89' lang='lat' dir='ltr'><strong>debeat</strong></span> <span class='ocrx_word' id='word_1_507' title='bbox 2178 4196 2403 4260; x_wconf 90' lang='lat' dir='ltr'><strong>facere</strong></span> <span class='ocrx_word' id='word_1_508' title='bbox 2447 4217 2578 4260; x_wconf 92' lang='lat' dir='ltr'><strong>nec</strong></span> <span class='ocrx_word' id='word_1_509' title='bbox 2622 4196 3023 4279; x_wconf 88' lang='lat' dir='ltr'><strong>permittere</strong></span> <span class='ocrx_word' id='word_1_510' title='bbox 3066 4193 3215 4257; x_wconf 90' lang='lat' dir='ltr'><strong>fieri</strong></span> <span class='ocrx_word' id='word_1_511' title='bbox 3262 4204 3505 4258; x_wconf 89' lang='lat' dir='ltr'><strong>contra</strong></span> 
     </span>
     <span class='ocr_line' id='line_1_86' title="bbox 1883 4290 3513 4375; baseline -0.003 -21"><span class='ocrx_word' id='word_1_512' title='bbox 1883 4292 2231 4375; x_wconf 90' lang='lat' dir='ltr'><strong>quandam</strong></span> <span class='ocrx_word' id='word_1_513' title='bbox 2274 4290 2748 4372; x_wconf 90' lang='lat' dir='ltr'><strong>provisionem</strong></span> <span class='ocrx_word' id='word_1_514' title='bbox 2795 4295 2873 4351; x_wconf 89' lang='lat'><strong>28</strong></span> <span class='ocrx_word' id='word_1_515' title='bbox 2919 4298 3094 4369; x_wconf 88' lang='lat' dir='ltr'><strong>sept.</strong></span> <span class='ocrx_word' id='word_1_516' title='bbox 3149 4308 3337 4366; x_wconf 82' lang='lat'><strong>1302,</strong></span> <span class='ocrx_word' id='word_1_517' title='bbox 3386 4306 3513 4369; x_wconf 87' lang='lat' dir='ltr'><strong>per</strong></span> 
     </span>
     <span class='ocr_line' id='line_1_87' title="bbox 1883 4381 3510 4467; baseline -0.003 -19"><span class='ocrx_word' id='word_1_518' title='bbox 1883 4404 2089 4467; x_wconf 85' lang='lat' dir='ltr'><strong>quam</strong></span> <span class='ocrx_word' id='word_1_519' title='bbox 2137 4384 2553 4447; x_wconf 77' lang='lat' dir='ltr'><strong>diminutum</strong></span> <span class='ocrx_word' id='word_1_520' title='bbox 2597 4394 2703 4447; x_wconf 82' lang='lat' dir='ltr'><strong>est</strong></span> <span class='ocrx_word' id='word_1_521' title='bbox 2752 4384 2841 4445; x_wconf 91' lang='lat' dir='ltr'><strong>ad</strong></span> <span class='ocrx_word' id='word_1_522' title='bbox 2904 4381 3245 4445; x_wconf 88' lang='lat' dir='ltr'><strong>rationem</strong></span> <span class='ocrx_word' id='word_1_523' title='bbox 3300 4382 3510 4444; x_wconf 86' lang='lat' dir='ltr'><strong>trium</strong></span> 
     </span>
     <span class='ocr_line' id='line_1_88' title="bbox 1883 4474 3511 4556; baseline -0.004 -13"><span class='ocrx_word' id='word_1_524' title='bbox 1883 4479 2327 4543; x_wconf 86' lang='lat' dir='ltr'><strong>denariorum</strong></span> <span class='ocrx_word' id='word_1_525' title='bbox 2372 4480 2461 4541; x_wconf 91' lang='lat' dir='ltr'><strong>de</strong></span> <span class='ocrx_word' id='word_1_526' title='bbox 2504 4478 2681 4541; x_wconf 88' lang='lat' dir='ltr'><strong>libra</strong></span> <span class='ocrx_word' id='word_1_527' title='bbox 2726 4478 2985 4539; x_wconf 88' lang='lat' dir='ltr'><strong>donum</strong></span> <span class='ocrx_word' id='word_1_528' title='bbox 3044 4476 3236 4556; x_wconf 92' lang='lat' dir='ltr'><strong>quod</strong></span> <span class='ocrx_word' id='word_1_529' title='bbox 3300 4474 3511 4537; x_wconf 90' lang='lat' dir='ltr'><strong>debet</strong></span> 
     </span>
     <span class='ocr_line' id='line_1_89' title="bbox 1883 4568 3511 4653; baseline -0.004 -18"><span class='ocrx_word' id='word_1_530' title='bbox 1883 4572 2063 4635; x_wconf 90' lang='lat' dir='ltr'><strong>solvi</strong></span> <span class='ocrx_word' id='word_1_531' title='bbox 2121 4572 2552 4653; x_wconf 87' lang='lat' dir='ltr'><strong>emptoribus</strong></span> <span class='ocrx_word' id='word_1_532' title='bbox 2608 4570 2784 4633; x_wconf 88' lang='lat' dir='ltr'><strong>dacii</strong></span> <span class='ocrx_word' id='word_1_533' title='bbox 2846 4570 3013 4631; x_wconf 88' lang='lat' dir='ltr'><strong>novi</strong></span> <span class='ocrx_word' id='word_1_534' title='bbox 3058 4579 3129 4633; x_wconf 88' lang='lat' dir='ltr'><strong>et</strong></span> <span class='ocrx_word' id='word_1_535' title='bbox 3172 4568 3353 4632; x_wconf 85' lang='lat' dir='ltr'><strong>furni</strong></span> <span class='ocrx_word' id='word_1_536' title='bbox 3401 4588 3511 4630; x_wconf 86' lang='lat' dir='ltr'><strong>ca-</strong></span> 
     </span>
     <span class='ocr_line' id='line_1_90' title="bbox 1881 4664 3509 4749; baseline -0.003 -21"><span class='ocrx_word' id='word_1_537' title='bbox 1881 4666 2146 4749; x_wconf 88' lang='lat' dir='ltr'><strong>pitanei</strong></span> <span class='ocrx_word' id='word_1_538' title='bbox 2190 4666 2297 4745; x_wconf 89' lang='lat' dir='ltr'><strong>(V.</strong></span> <span class='ocrx_word' id='word_1_539' title='bbox 2344 4686 2405 4727; x_wconf 89' lang='lat' dir='ltr'><strong>a.</strong></span> <span class='ocrx_word' id='word_1_540' title='bbox 2462 4684 2636 4742; x_wconf 82' lang='lat'><strong>1302,</strong></span> <span class='ocrx_word' id='word_1_541' title='bbox 2684 4684 2815 4726; x_wconf 90' lang='lat' dir='ltr'><strong>ma.</strong></span> <span class='ocrx_word' id='word_1_542' title='bbox 2864 4664 2965 4745; x_wconf 89' lang='grc'><strong>31)</strong></span> <span class='ocrx_word' id='word_1_543' title='bbox 3010 4683 3103 4725; x_wconf 88' lang='lat' dir='ltr'><strong>ex</strong></span> <span class='ocrx_word' id='word_1_544' title='bbox 3164 4678 3509 4725; x_wconf 86' lang='lat' dir='ltr'><strong>consensu</strong></span> 
     </span>
     <span class='ocr_line' id='line_1_91' title="bbox 1882 4762 2650 4842; baseline -0.004 -21"><span class='ocrx_word' id='word_1_545' title='bbox 1882 4762 2194 4842; x_wconf 90' lang='lat' dir='ltr'><strong>ipsorum</strong></span> <span class='ocrx_word' id='word_1_546' title='bbox 2240 4770 2650 4840; x_wconf 85' lang='lat' dir='ltr'><strong>emptorum.</strong></span> 
     </span>
    </p>
   </div>
   <div class='ocr_carea' id='block_1_29' title="bbox 1883 4942 3360 5028">
    <p class='ocr_par' dir='ltr' id='par_1_32' title="bbox 1883 4942 3360 5028">
     <span class='ocr_line' id='line_1_92' title="bbox 1883 4942 3360 5028; baseline -0.002 -19"><span class='ocrx_word' id='word_1_547' title='bbox 1883 4967 1970 5027; x_wconf 87' lang='lat'><strong>17.</strong></span> <span class='ocrx_word' id='word_1_548' title='bbox 2021 4982 2096 4991; x_wconf 91' lang='lat'><strong>—</strong></span> <span class='ocrx_word' id='word_1_549' title='bbox 2153 4965 2331 5023; x_wconf 90' lang='grc'>1303,</span> <span class='ocrx_word' id='word_1_550' title='bbox 2377 4950 2523 5028; x_wconf 81' lang='lat' dir='ltr'><strong>apr.</strong></span> <span class='ocrx_word' id='word_1_551' title='bbox 2579 4966 2629 5020; x_wconf 89' lang='lat'><strong>1,</strong></span> <span class='ocrx_word' id='word_1_552' title='bbox 2686 4942 3069 5015; x_wconf 80' lang='lat' dir='ltr'><strong>Cremonae,</strong></span> <span class='ocrx_word' id='word_1_553' title='bbox 3117 4942 3210 5013; x_wconf 86' lang='lat' dir='ltr'><strong>D,</strong></span> <span class='ocrx_word' id='word_1_554' title='bbox 3263 4964 3360 5007; x_wconf 90' lang='lat'><strong>21.</strong></span> 
     </span>
    </p>
   </div>
   <div class='ocr_carea' id='block_1_30' title="bbox 1885 5077 3518 5534">
    <p class='ocr_par' dir='ltr' id='par_1_33' title="bbox 1885 5077 3518 5534">
     <span class='ocr_line' id='line_1_93' title="bbox 1969 5077 3518 5165; baseline -0.003 -19"><span class='ocrx_word' id='word_1_555' title='bbox 1969 5083 2489 5165; x_wconf 84' lang='lat' dir='ltr'><strong>Argumentum</strong></span> <span class='ocrx_word' id='word_1_556' title='bbox 2515 5078 2984 5163; x_wconf 90' lang='lat' dir='ltr'><strong>inquisitionis</strong></span> <span class='ocrx_word' id='word_1_557' title='bbox 3009 5077 3367 5142; x_wconf 86' lang='lat' dir='ltr'><strong>faciendae</strong></span> <span class='ocrx_word' id='word_1_558' title='bbox 3390 5098 3518 5159; x_wconf 87' lang='lat' dir='ltr'><strong>per</strong></span> 
     </span>
     <span class='ocr_line' id='line_1_94' title="bbox 1885 5172 3517 5257; baseline -0.002 -18"><span class='ocrx_word' id='word_1_559' title='bbox 1885 5176 2188 5239; x_wconf 86' lang='lat' dir='ltr'><strong>officium</strong></span> <span class='ocrx_word' id='word_1_560' title='bbox 2235 5176 2551 5257; x_wconf 87' lang='lat' dir='ltr'><strong>gabellae</strong></span> <span class='ocrx_word' id='word_1_561' title='bbox 2606 5186 2849 5237; x_wconf 89' lang='lat' dir='ltr'><strong>contra</strong></span> <span class='ocrx_word' id='word_1_562' title='bbox 2903 5172 3229 5254; x_wconf 83' lang='lat' dir='ltr'><strong>Quirinos</strong></span> <span class='ocrx_word' id='word_1_563' title='bbox 3249 5222 3265 5245; x_wconf 88' lang='lat'><strong>,</strong></span> <span class='ocrx_word' id='word_1_564' title='bbox 3324 5192 3517 5235; x_wconf 90' lang='lat' dir='ltr'><strong>occa-</strong></span> 
     </span>
     <span class='ocr_line' id='line_1_95' title="bbox 1885 5266 3510 5347; baseline -0.002 -14"><span class='ocrx_word' id='word_1_565' title='bbox 1885 5271 2080 5334; x_wconf 91' lang='lat' dir='ltr'><strong>sione</strong></span> <span class='ocrx_word' id='word_1_566' title='bbox 2139 5280 2533 5333; x_wconf 87' lang='lat' dir='ltr'><strong>contractus</strong></span> <span class='ocrx_word' id='word_1_567' title='bbox 2582 5266 3003 5331; x_wconf 87' lang='lat' dir='ltr'><strong>venditionis</strong></span> <span class='ocrx_word' id='word_1_568' title='bbox 3070 5267 3235 5330; x_wconf 87' lang='lat' dir='ltr'><strong>salis</strong></span> <span class='ocrx_word' id='word_1_569' title='bbox 3295 5266 3403 5347; x_wconf 88' lang='lat' dir='ltr'><strong>(V.</strong></span> <span class='ocrx_word' id='word_1_570' title='bbox 3450 5286 3510 5329; x_wconf 89' lang='lat' dir='ltr'><strong>a.</strong></span> 
     </span>
     <span class='ocr_line' id='line_1_96' title="bbox 1893 5359 3516 5443; baseline -0.004 -16"><span class='ocrx_word' id='word_1_571' title='bbox 1893 5385 2071 5442; x_wconf 83' lang='lat'><strong>1302,</strong></span> <span class='ocrx_word' id='word_1_572' title='bbox 2140 5363 2255 5427; x_wconf 91' lang='lat' dir='ltr'><strong>iul.</strong></span> <span class='ocrx_word' id='word_1_573' title='bbox 2326 5364 2447 5441; x_wconf 88' lang='grc'>30),</span> <span class='ocrx_word' id='word_1_574' title='bbox 2503 5372 2876 5443; x_wconf 88' lang='lat' dir='ltr'><strong>propterea</strong></span> <span class='ocrx_word' id='word_1_575' title='bbox 2922 5361 3111 5442; x_wconf 89' lang='lat' dir='ltr'><strong>quod</strong></span> <span class='ocrx_word' id='word_1_576' title='bbox 3156 5359 3516 5423; x_wconf 89' lang='lat' dir='ltr'><strong>dicebatur</strong></span> 
     </span>
     <span class='ocr_line' id='line_1_97' title="bbox 1885 5456 3515 5534; baseline -0.002 -13"><span class='ocrx_word' id='word_1_577' title='bbox 1885 5458 2099 5521; x_wconf 85' lang='lat' dir='ltr'><strong>salem</strong></span> <span class='ocrx_word' id='word_1_578' title='bbox 2148 5456 2357 5520; x_wconf 89' lang='lat' dir='ltr'><strong>vendi</strong></span> <span class='ocrx_word' id='word_1_579' title='bbox 2410 5458 2501 5519; x_wconf 91' lang='lat' dir='ltr'><strong>ad</strong></span> <span class='ocrx_word' id='word_1_580' title='bbox 2556 5456 2893 5519; x_wconf 90' lang='lat' dir='ltr'><strong>rationem</strong></span> <span class='ocrx_word' id='word_1_581' title='bbox 2942 5472 2977 5534; x_wconf 84' lang='lat'><strong>5</strong></span> <span class='ocrx_word' id='word_1_582' title='bbox 3023 5472 3397 5533; x_wconf 87' lang='lat' dir='ltr'><strong>pensarum</strong></span> <span class='ocrx_word' id='word_1_583' title='bbox 3444 5463 3515 5517; x_wconf 91' lang='lat' dir='ltr'><strong>et</strong></span> 
     </span>
    </p>
   </div>
  </div>
 </body>
</html>
