4050 6109
660 335 835 383 LITE
880 334 1026 383 CON
1074 320 1402 382 L'ABATE
1447 334 1528 382 DI
1573 332 1629 380 S.
1677 331 1879 381 SISTO
1925 331 2076 379 PER
2122 329 2581 379 GUASTALLA
2626 331 2673 379 E
2718 331 3078 379 LUZZARA
3491 321 3562 378 81

201 455 829 474 ffi-—x———

189 579 793 658 praesentandum
835 599 996 643 cum
1029 579 1391 642 voluntate
1432 579 1835 641 ambaxato-

191 693 342 734 rum
387 673 680 736 Barocii
747 674 836 737 de
890 674 1133 756 Burgo
1179 683 1250 736 et
1291 671 1704 736 Monferrati
1750 673 1838 736 de

187 765 652 830 Brazaferria.

185 977 308 1050 183.
355 1008 446 1020 —-
501 993 666 1036 1222
715 977 900 1056 (1221
957 974 1128 1055 ina),
1176 978 1374 1038 mart.
1417 978 1510 1050 16,
1553 974 1643 1046 X,
1685 974 1835 1038 Cre-

269 1087 538 1131 monae.
587 1067 686 1142 A,
743 1073 852 1133 181
906 1089 942 1132 e
987 1072 1127 1132 aut.

265 1206 606 1268 Potestas
652 1207 1020 1271 constituit
1050 1206 1424 1272 Girardum
1459 1207 1544 1271 de
1587 1205 1835 1270 Fabris

183 1319 528 1363 nuncium
574 1320 818 1364 coram
863 1321 1068 1384 papa.

1124 455 1253 463 ——-.
1300 455 1431 462 ——--
1448 453 1953 462 ———--—————.—---—

2439 465 2557 470 -——-.--
2921 463 3108 470 ῳ-

1938 583 2064 655 189.
2110 613 2191 622 —-
2248 596 2425 651 1222,
2493 581 2640 659 apr.
2703 580 2761 650 8,
2808 575 2899 648 X,
2948 574 3021 638 in
3067 573 3343 638 consilio
3413 575 3564 639 Cre—

2025 690 2282 734 monae.

2021 806 2341 870 Potestas
2410 817 2479 870 et
2538 805 2904 870 consilium
2964 805 3397 869 constituunt
3460 806 3564 870 Io-

1936 902 2241 964 hannem
2306 901 2765 964 Buscarolum
2816 901 3147 964 nuncium
3194 900 3284 962 ad
3329 901 3563 964 sedem

1937 995 2396 1077 apostolicam
2434 996 2521 1058 ad
2554 995 3050 1076 appellandum
3075 995 3163 1057 ab
3196 994 3385 1056 omni
3411 1015 3566 1077 gra-

1938 1089 2216 1152 vamine
2282 1089 2356 1151 in
2427 1109 2567 1172 quo
2640 1089 3015 1170 episcopus
3042 1137 3055 1162 ,
3122 1088 3567 1170 praepositus

1937 1183 2008 1244 S.
2025 1183 2459 1264 Euphemiae
2480 1192 2550 1246 et
2580 1184 2800 1244 abbas
2817 1182 2886 1244 S.
2907 1181 3149 1245 Savini
3172 1183 3571 1245 Placentiae

1938 1277 2199 1340 vellent
2230 1296 2527 1359 gravare
2564 1295 2950 1348 commune,
2984 1285 3053 1338 et
3084 1276 3481 1358 specialiter
3508 1276 3567 1338 si

1937 1370 2200 1433 vellent
2223 1371 2455 1434 dicere
2486 1371 2677 1452 quod
2700 1389 3069 1433 commune
3092 1390 3233 1433 non
3264 1369 3567 1433 misisset

1935 1464 2243 1529 sindicos
2286 1465 2374 1528 ad
2420 1464 2775 1528 dominum
2822 1484 3079 1548 papam
3126 1463 3565 1528 sufficientes

180 1528 304 1602 184.
355 1559 448 1570 —
514 1544 673 1587 1222
733 1526 916 1604 (1221
971 1523 1142 1608 ina),
1210 1529 1410 1589 mart.
1460 1546 1559 1600 20,
1619 1527 1710 1601 Χ,
1761 1526 1834 1590 in

263 1615 582 1682 claustro
616 1615 836 1703 plebzs
880 1617 1336 1682 Florenzolae.
1384 1619 1524 1704 Ap.
1933 1672 2057 1730 190·
2104 1689 2187 1700 ,-
2240 1673 2419 1730 1222,
2465 1660 2612 1738 apr·
2674 1675 2767 1734 13,
2830 1655 2921 1728 X,
2982 1651 3055 1718 in
3100 1653 3369 1719 cim-tate
3438 1655 3555 1720 Ve-

260 1752 586 1816 Iacobus
613 1755 703 1816 de
727 1753 1139 1830 Calenzano,
1165 1775 1498 1819 monacus
1530 1756 1600 1818 S.
1625 1756 1832 1832 Sixti,
2022 1745 2192 1811 rule-

177 1846 494 1928 porrigit
533 1847 988 1910 vicedomino
1019 1849 1357 1931 episcopo
1400 1860 1470 1913 et
1516 1849 1833 1913 Gerardo

176 1941 602 2022 praeposito
663 1941 736 2004 S.
782 1941 1218 2023 Euphemiae
1285 1943 1682 2007 Placentiae
1728 1944 1833 2007 lit-

177 2045 366 2096 teras
415 2034 730 2097 Honorii
795 2035 897 2098 III
965 2037 1052 2120 (d.
1123 2036 1519 2118 Anagniae,
1572 2037 1639 2100 II
1696 2039 1834 2102 kal.

177 2129 408 2206 mart.)
459 2128 726 2210 quibus
767 2129 1114 2212 praecipit
1144 2131 1500 2213 episcope,
1545 2151 1835 2214 praepo-

175 2221 312 2283 sito
387 2222 465 2284 S.
537 2221 980 2303 Euphemiae
1047 2234 1118 2288 et
1189 2225 1524 2288 Rolando
1597 2225 1836 2289 abbati

171 2317 238 2378 S.
287 2315 556 2378 Savini
600 2316 1004 2380 Placentiae
1036 2318 1365 2400 quatinus
1412 2318 1832 2398 Cremonen-

173 2408 376 2471 sibus
425 2408 814 2490 iniungant
881 2420 958 2472 ut
1008 2431 1234 2494 usque
1281 2411 1369 2474 ad
1416 2413 1834 2476 dominicam

175 2523 316 2584 qua
366 2512 706 2566 cantatur
772 2525 808 2565 ‹
856 2523 993 2586 ego
1039 2525 1195 2567 sum
1239 2519 1482 2586 pastor
1527 2507 1751 2569 bonus
1796 2527 1831 2568 »

180 2607 698 2678 procuratores
713 2599 802 2661 ad
827 2599 1294 2681 praesentiam
1320 2619 1516 2662 suam
1537 2599 1834 2663 mittant.

2019 1885 2379 1948 Honorius
2422 1886 2523 1948 III
2553 1896 2827 1949 recusat
2854 1885 3161 1967 recipere
3192 1887 3559 1950 Barocium

1936 1978 2022 2040 de
2069 1979 2309 2060 Burgo
2340 1989 2409 2042 et
2438 1978 2941 2042 Monferratum
2981 1981 3067 2042 de
3112 1979 3558 2054 Brazaferria‚

1935 2073 2430 2136 ambaxatores
2496 2074 2895 2148 Cremonae,
2950 2074 3115 2155 quia
3157 2093 3555 2139 excommu-

1935 2166 2150 2229 nicati
2194 2176 2411 2230 erant.

1933 2357 2047 2417 191.
2092 2373 2177 2384 —-
2180 2358 2249 2494 A
2266 2357 2405 2411 222,
2454 2336 2628 2401 mad.
2676 2358 2733 2412 2,
2780 2339 2873 2412 Χ,
2920 2337 2995 2402 in
3040 2336 3307 2404 civitate
3350 2337 3549 2403 Alla-

2020 2429 2135 2494 tri.
2254 2437 2322 2514 p.

2021 2566 2269 2630 Abbas
2314 2567 2383 2629 S.
2430 2567 2614 2632 Sixti
2660 2569 2959 2652 porrigit
2987 2569 3279 2632 Iohanni
3310 2571 3397 2632 de
3430 2569 3557 2632 Co—

1935 2661 2174 2724 lumna
2194 2661 2526 2725 cardinali
2558 2663 2871 2726 libellum
2892 2663 3297 2745 petitorium
3320 2675 3561 2728 contra

805 2816 818 2828 ,
987 2816 998 2828 ,
1935 2753 2441 2819 Cremonenses
2486 2756 2573 2820 de
2620 2777 2760 2839 quo
2808 2759 2895 2820 ad
2940 2778 3126 2820 num.
3175 2778 3276 2838 91.

176 2823 308 2898 185.
357 2854 454 2864 -
511 2837 695 2892 1222,
786 2816 875 2880 zd.
966 2816 1055 2880 ια’.

253 2953 740 3016 Publicantur
783 2964 853 3016 et
891 2953 962 3015 in
999 2953 1352 3034 publicam
1399 2953 1694 3017 formam
1733 2975 1837 3018 re·
1933 2959 2057 3019 192·
2104 2978 2179 2988 -
2242 2961 2419 3015 1222,
2508 2940 2597 3004 id·
2688 2941 2777 3004 id·

173 3049 536 3130 diguntur
567 3047 842 3110 litterae
879 3047 1154 3110 abbatis
1196 3047 1266 3109 S.
1299 3048 1544 3110 Savini
1575 3051 1663 3112 ad
1696 3051 1836 3131 epi-

177 3161 490 3222 scopum
540 3151 612 3203 et
655 3143 746 3204 ad
781 3139 1260 3222 praepositum
1294 3141 1363 3202 S.
1409 3142 1838 3224 Euphemiae

175 3237 454 3317 quibus
503 3235 676 3298 dicit
721 3255 862 3297 non
907 3254 1118 3315 posse
1151 3235 1238 3296 ad
1270 3255 1392 3298 eos
1430 3237 1670 3300 venire
1715 3239 1839 3300 sed

176 3343 422 3394 ratum
469 3341 546 3392 et
589 3327 870 3391 firmum
913 3339 1156 3390 tenere
1203 3328 1549 3412 quidquid
1586 3350 1713 3411 pro
1744 3331 1838 3394 fa-

175 3435 294 3487 cto
343 3423 425 3486 S.
473 3423 666 3486 Sixti
711 3421 1022 3486 fecerint.

2019 3078 2481 3142 Ghirardinus
2505 3079 2817 3142 Manaria
2848 3079 3225 3152 Correrius,
3253 3081 3559 3144 sindicus

1935 3173 2336 3245 Cremonae,
2382 3172 2683 3254 porrigit
2712 3174 2782 3236 in
2810 3193 3017 3236 manu
3054 3175 3393 3255 praedicti
3418 3195 3560 3237 car-

1937 3265 2187 3327 dinalis
2248 3284 2659 3345 responsum
2726 3267 2815 3328 ad
2882 3266 3193 3328 libellum
3254 3267 3559 3340 abbatis;

1938 3357 2107 3421 dicit
2152 3359 2344 3440 quod
2409 3379 2777 3422 commune
2835 3381 2975 3422 non
3040 3360 3357 3440 possidet
3408 3362 3563 3423 loca

1937 3472 2117 3533 quae
2162 3453 2445 3534 petebat
2506 3454 2745 3528 abbaS,
2810 3454 2988 3535 petit
3040 3455 3439 3536 exemplum
3484 3454 3561 3517 li-

1936 3545 2102 3608 belli
2134 3557 2203 3610 et
2232 3546 2539 3609 indutias
2574 3549 2663 3610 ad
2694 3549 3123 3611 redeundum
3149 3547 3559 3612 Cremonam

173 3634 302 3692 186.
353 3663 447 3674 —
505 3647 688 3700 1222,
1938 3653 2008 3702 et
2052 3641 2142 3703 ad
2187 3641 2733 3706 deliberandum.

781 3625 870 3690 id.
947 3625 1035 3690 id.
1101 3627 1166 3690 A
1167 3633 1240 3712 p.

257 3765 684 3847 Episcopus
715 3776 787 3828 et
823 3765 1270 3846 praepositus
1309 3765 1379 3828 S.
1404 3765 1839 3848 Euphemiae

177 3861 638 3924 constituunt
701 3858 1088 3941 Opizonem
1158 3861 1244 3921 de
1306 3861 1375 3922 S.
1425 3860 1629 3922 Sixto
1675 3880 1841 3922 nun-

177 3955 374 4018 cium
423 3954 522 4017 ad
553 3954 1181 4034 repraesentanda-s
1217 3953 1484 4016 litteras
1521 3974 1614 4016 ex
1643 3965 1839 4035 parte

174 4047 550 4130 pontificis
598 4057 670 4110 et
729 4067 857 4110 sua
905 4046 1238 4128 potestati
1305 4047 1710 4111 consulibus
1771 4056 1839 4110 et

177 4143 551 4206 communi
599 4141 1008 4206 Cremonae.

1936 3833 2061 3893 193.
2110 3849 2191 3858 —
2244 3833 2421 3884 1222,
2472 3812 2646 3876 mad.
2695 3819 2751 3887 8,
2792 3815 2885 3888 X,
2932 3811 3005 3876 in
3050 3813 3317 3878 civt'lale
3363 3813 3559 3878 Alla-

2023 3906 2137 3971 tri.
2184 3904 2277 3980 A,
2333 3926 2444 3987 175
2495 3927 2530 3970 e
2564 3909 2703 3969 aut.

2019 4043 2367 4106 Iohannes
2427 4044 2514 4106 de
2568 4043 2905 4108 Columna
2950 4044 3322 4108 cardinalis
3366 4066 3561 4127 prae-

1938 4137 2110 4220 cipit
2154 4137 2423 4200 sindico
2468 4135 2850 4200 Cremonae
2905 4149 2981 4201 ut
3026 4139 3445 4220 respondeat
3488 4141 3562 4202 li-

1937 4233 2123 4297 bello
2190 4231 2482 4304 abbatiS,
2553 4232 2864 4315 alioquin
2931 4234 3566 4298 excommunicabit

1937 4347 2340 4401 commune;
2388 4336 2457 4389 et
2504 4326 2811 4390 sindicus
2860 4329 3234 4410 respondet
3279 4338 3354 4391 ut
3406 4339 3563 4392 ante

1935 4443 2063 4504 per
2108 4421 2445 4502 scriptum
2508 4422 2967 4503 responderat
3024 4433 3093 4486 et
3140 4443 3214 4486 se
3258 4423 3563 4505 appellat

1935 4517 2090 4580 Deo
2137 4523 2207 4578 et
2251 4516 2671 4596 protectioni
2716 4515 3011 4598 imperii.

177 4369 300 4443 187.
351 4399 440 4408 -—
497 4381 660 4424 1222
709 4365 891 4444 (1221
948 4361 1119 4441 ina),
1170 4364 1368 4425 mart.
1416 4381 1514 4440 23,
1547 4363 1637 4436 X,
1687 4364 1837 4428 Cre-

267 4477 546 4520 monae.

262 4597 500 4678 Opizo
546 4595 638 4658 de
685 4593 756 4656 S.
788 4594 994 4658 Sixto
1033 4595 1154 4658 dat
1183 4594 1452 4659 litteras
1500 4597 1836 4678 potestati

184 4691 607 4754 Cremonae.
1885 4672 1891 4717 ¹

1885 4723 2058 4783 2194.
2120 4739 2203 4750 —-
2272 4723 2451 4776 1222,
2514 4701 2669 4767 mai.
2734 4708 2832 4775 26,
2895 4704 2957 4767 d.
3004 4703 3289 4780 Allatrc',
3352 4727 3413 4768 a.
3476 4701 3562 4766 6⁰.

1885 4782 1890 4895 Ι
2017 4796 2113 4871 Α,
2165 4815 2309 4876 353.
2359 4797 2632 4872 Ficker,
2682 4803 2783 4881 op.
2830 4796 2939 4862 cit.
2988 4819 3130 4878 335.

179 4901 306 4960 188.
359 4931 444 4940 -
502 4912 689 4966 1222,
739 4896 940 4954 mart.
991 4911 1088 4970 25,
1133 4893 1223 4966 AY,
1259 4890 1330 4954 in
1376 4891 1672 4957 claustro
1705 4915 1835 4958 mo-

266 4985 584 5052 nasterii
620 4987 694 5050 S
742 4985 938 5049 Sixtl·
976 4984 1386 5049 Placentiae·
1433 4985 1528 5059 Α,
1577 5007 1718 5068 359·
2017 4933 2379 4996 Honorius
2411 4934 2512 4997 III
2556 4934 2899 5016 praecipit
2943 4935 3295 5018 episcope,
3330 4938 3567 4999 abbati

1936 5029 2006 5092 S.
2075 5027 2319 5090 Savini
2387 5037 2455 5090 et
2523 5028 2929 5109 praeposito
2998 5029 3067 5092 S.
3134 5029 3567 5111 Euphemiae

263 5122 582 5194 Monaci‚
630 5121 1006 5204 presbiteri
1053 5132 1123 5184 et
1169 5121 1402 5185 clerici
1449 5134 1837 5206 protestan-
1883 5116 1888 5205 J
1933 5121 2333 5184 Placentiae
2381 5121 2709 5202 quatinus
2742 5123 2812 5183 in
2856 5121 3235 5185 Cremonae
3266 5134 3567 5204 potesta-

181 5233 296 5281 tur
343 5229 418 5282 et
468 5227 993 5298 recognoscunt
1036 5215 1464 5279 Gandulfum
1511 5216 1726 5280 fuisse
1767 5230 1836 5281 et
1933 5225 2075 5278 tem
2124 5226 2190 5278 et
2230 5215 2663 5277 consiliarios
2710 5216 3458 5280 excommunicationis
3501 5231 3569 5279 et

182 5315 418 5376 adhuc
487 5329 650 5373 esse
697 5310 1023 5372 abbatem
1070 5309 1140 5371 S.
1188 5309 1373 5372 Sixti
1419 5331 1835 5394 semperque
1932 5310 2004 5372 in
2072 5309 2425 5402 civitatem
2498 5309 2720 5391 ipsam
2779 5309 3128 5372 interdicti
3189 5311 3569 5373 sententiam

185 5425 434 5468 eorum
467 5422 824 5467 consensu
861 5403 1114 5485 egisse,
1141 5414 1355 5484 atque
1389 5403 1456 5466 in
1487 5406 1622 5468 hoc
1647 5425 1835 5468 man·
1933 5403 2309 5486 proferant,
2358 5423 2515 5466 cum
2546 5403 3049 5467 Cremonenses
3079 5415 3569 5485 procuratore-5

187 5501 355 5563 dato
401 5517 570 5561 eum
616 5495 1056 5559 confirmant.
1882 5490 1888 5582 Ι
1933 5517 2123 5562 asua
2146 5498 2541 5579 praesentia
2564 5498 3067 5561 contumaciter
3090 5499 3567 5561 recessissent.

353 5647 398 5676 11
461 5633 587 5676 Bibe.
615 5633 744 5675 31ον-
773 5633 840 5677 Vl
870 5633 950 5686 (H.
984 5634 1032 5674 P.
1065 5634 1132 5675 M.
1165 5635 1224 5675 11.
1259 5635 1354 5686 11.).
