4050 6109
519 272 602 362 46
1533 276 1799 343 comen
1844 278 2362 340 DIPLO‘MATIC‘O
2406 283 2862 341 CREMoNEsE

593 544 786 597 Primo
837 545 895 598 in
943 545 1212 599 Ser-avale
1265 560 1368 610 per
1427 544 1752 598 Commune
1803 543 2041 595 Mantue
2077 540 2151 594 de

527 620 724 675 modio
758 621 892 675 salis
928 622 1042 674 XII
1078 636 1312 689 grossos
1346 629 1606 675 venetos,
1647 650 1712 658 —-
1749 620 1988 673 Mantue
2044 635 2151 685 pro

527 698 772 753 Comuni
796 714 902 766 pro
927 714 1090 751 soma
1123 699 1518 765 cuiuscunque
1553 696 1940 750 mercadantie
1978 697 2035 749 11
2059 712 2154 749 ve-

525 783 692 829 netos
726 791 978 843 grossos,
1029 805 1098 814 —
1146 776 1211 828 In
1259 774 1580 841 Burgoforti
1625 790 1730 839 pro
1776 774 2025 826 Comuni
2078 773 2153 826 de

527 851 724 904 modio
745 852 879 905 salis
903 852 1016 905 XII
1039 868 1266 918 parvos,
1292 861 1351 904 et
1374 867 1479 917 pro
1497 851 1774 917 episcopo
1795 851 2031 903 Mantue
2051 866 2154 917 per

528 936 872 982 mercatores
891 928 1264 982 Venetiarum
1288 929 1362 981 de
1387 928 1647 995 quolibet
1671 943 1816 980 nave
1835 927 2155 994 ponderata

529 1006 932 1059 mercadandie
969 1006 1088 1059 sive
1145 1022 1356 1072 magna
1407 1005 1528 1058 sive
1563 1020 1739 1069 parva
1775 1004 1919 1057 XIII
1957 1004 2155 1057 soldos

527 1090 586 1135 et
621 1098 894 1147 parvum:
933 1091 991 1136 et
1027 1098 1132 1150 pro
1168 1083 1376 1135 eodem
1421 1082 1696 1148 episcopo
1731 1096 1834 1147 per
1873 1081 2156 1135 Lombar-

527 1158 669 1212 dum
720 1159 1041 1213 secundum
1104 1158 1266 1227 quod
1319 1167 1410 1211 est
1471 1160 1748 1211 hactenus
1811 1166 2155 1211 consuetum

527 1263 594 1277 -
628 1236 686 1289 in
725 1235 956 1290 Doxolo
989 1251 1096 1301 pro
1133 1236 1388 1289 Domino
1427 1236 1663 1288 Mantue
1700 1235 1775 1287 de
1802 1234 1999 1288 modio
2023 1234 2157 1287 salis

529 1312 640 1365 XII
679 1320 913 1365 venetos
947 1327 1180 1379 grossos
1213 1320 1273 1366 et
1309 1312 1382 1365 de
1418 1329 1582 1365 soma
1605 1312 1910 1365 cuiuslibet
1945 1326 2158 1364 merca-

528 1388 740 1442 dandie
796 1389 880 1442 III
935 1398 1177 1443 venetos
1228 1404 1461 1456 grossos
1495 1418 1565 1427 —
1603 1390 1666 1441 In
1723 1389 1998 1442 Guastala
2052 1404 2159 1454 pro

531 1465 605 1518 D.
645 1464 886 1519 Giberto
940 1464 1016 1519 de
1051 1466 1248 1519 modio
1284 1466 1418 1519 salis
1454 1465 1592 1519 XVI
1630 1474 1870 1520 venetos
1903 1480 2156 1531 grosso&

527 1542 604 1615 de
657 1558 860 1596 sauma
910 1542 1123 1609 piperis
1175 1542 1284 1595 XV
1338 1542 1534 1597 soldos
1589 1542 1988 1609 ymperialium
2013 1582 2027 1605 ,
2083 1542 2157 1595 de

527 1635 728 1672 sauma
779 1619 1064 1673 bombicis
1117 1620 1390 1685 mercarie
1445 1620 1498 1673 X
1555 1620 1752 1673 soldos
1794 1620 2021 1685 imper„
2082 1620 2157 1671 de

528 1712 728 1749 sauma
765 1696 906 1749 robe
940 1712 1142 1762 grosse
1177 1696 1259 1749 VI
1307 1697 1502 1749 soldos
1538 1697 1742 1761 imper.
1787 1726 1852 1735 —-
1891 1697 1954 1748 In
1993 1696 2159 1749 Vita-

521 1772 676 1826 iiana
711 1788 817 1840 pro
853 1773 1286 1826 cavalcabobus
1321 1790 1427 1839 pro
1461 1782 1627 1827 tansa
1671 1774 1746 1825 de
1784 1774 1980 1826 modio
2023 1774 2158 1827 salis

531 1848 642 1901 XII
680 1856 922 1902 venetos
954 1866 1208 1917 grossos,
1235 1850 1310 1902 de
1335 1865 1500 1903 soma
1525 1849 1912 1904 mercadantie
1951 1852 2039 1904 ΙΙΙ
2066 1866 2158 1904 ve·

529 1933 696 1979 netos
736 1940 971 1993 grossos
1019 1956 1082 1964 -
1133 1928 1197 1979 In
1247 1927 1478 1981 Berselo
1527 1943 1632 1993 pro
1668 1928 1917 1981 Comuni
1955 1930 2157 1981 Parme

530 2001 604 2055 de
639 2002 838 2056 modio
873 2003 1007 2056 salis
1045 2003 1155 2056 XII
1184 2013 1422 2056 venetos
1445 2018 1697 2069 gross05,
1723 2003 1798 2057 de
1823 2019 1988 2059 soma
2012 2021 2159 2058 mer-

527 2078 790 2133 cadantie
825 2080 880 2132 V
915 2078 1130 2133 solidos
1153 2096 1370 2146 ymper.
1395 2110 1460 2119 --
1487 2082 1553 2132 In
1578 2080 1778 2134 Casale
1815 2082 2015 2135 maiori
2052 2098 2158 2149 pro

529 2154 776 2209 Comuni
813 2173 1017 2223 parum
1071 2156 1144 2210 de
1189 2156 1348 2210 datio
1400 2157 1520 2210 sive
1583 2158 1883 2210 minimum
1936 2158 2156 2211 datium

526 2232 765 2287 solvitur
813 2262 880 2271 —
935 2235 999 2286 In
1058 2232 1232 2287 Plebe
1287 2235 1440 2303 (cioe
1494 2234 1664 2287 Pieve
1717 2235 2010 2303 Ottoville)
2050 2251 2159 2301 pro

529 2310 599 2364 D.
636 2310 920 2377 Gregorio
956 2310 1030 2362 de
1067 2311 1310 2364 Summo
1344 2311 1419 2364 de
1445 2310 1641 2364 modio
1677 2311 1810 2364 salis
1847 2314 1958 2365 XII
1998 2328 2159 2379 gros-

525 2402 622 2439 sos
656 2395 722 2440 et.
750 2386 824 2440 de
859 2402 1024 2439 soma
1077 2388 1463 2441 mercatandie
1510 2388 1594 2440 111
1647 2404 1878 2455 grossos
1915 2418 1979 2429 -
2015 2390 2159 2443 Cre—

528 2478 701 2516 mone
737 2480 843 2529 pro
879 2463 1128 2516 Comuni
1182 2465 1255 2517 de
1301 2464 1501 2517 modio
1546 2464 1679 2516 salis
1715 2466 1881 2519 XXX
1919 2474 2158 2519 venetos

528 2553 780 2605 grossos
835 2540 910 2591 de
963 2556 1165 2593 sauma
1225 2541 1612 2595 mercatandie
1665 2542 1776 2594 VII
1832 2541 2049 2594 solidos
2100 2550 2159 2596 et

530 2612 611 2668 VI
653 2616 854 2681 imper.
895 2646 958 2654 —
999 2618 1063 2669 In
1101 2617 1454 2671 castronovo
1503 2618 1579 2670 de
1621 2618 1800 2671 bocca
1844 2616 2017 2671 Adde
2052 2634 2158 2684 pro

532 2692 965 2747 cavalcabobus
1021 2694 1096 2745 de
1161 2694 1360 2747 modio
1418 2694 1550 2747 salis
1607 2693 1862 2747 XXVIII
1919 2703 2158 2748 venetos

531 2784 764 2835 grossos
799 2778 858 2823 et
893 2770 966 2823 de
1001 2786 1204 2825 sauma
1257 2770 1644 2825 mercatandie
1678 2771 1790 2824 VII
1847 2771 2067 2825 solidos
2099 2780 2159 2825 et

531 2846 612 2898 VI
669 2846 871 2913 imper.
917 2877 984 2885 —
1022 2849 1086 2900 In
1145 2848 1430 2901 Placentia
1481 2862 1590 2913 pro
1647 2848 1719 2900 D.
1777 2848 2031 2918 Galeaco
2083 2848 2157 2902 de

534 2922 731 2976 modio
767 2922 900 2976 salis
935 2923 1150 2978 solidos
1189 2924 1271 2977 IV
1306 2940 1538 2991 grossos
1573 2933 1632 2979 et
1665 2924 1739 2977 de
1775 2940 1978 2977 sauma
2013 2942 2159 2979 mer-

531 2998 794 3052 catandie
832 3000 999 3053 XXX
1035 2999 1252 3053 solidos
1288 3001 1507 3067 imper.‚
1534 3001 1609 3053 de
1637 3016 1801 3053 soma
1835 3000 2158 3069 aliquarum

533 3076 722 3129 solum
759 3076 975 3138 XXIV,
1011 3084 1071 3129 et
1105 3076 1180 3129 de
1217 3092 1380 3129 soma
1432 3076 1754 3143 aliquarum
1809 3078 1998 3131 solum
2046 3078 2157 3131 XX

533 3160 590 3205 et
624 3152 753 3217 plus
787 3161 847 3206 et
883 3152 1072 3205 minus
1107 3152 1426 3205 secundum
1480 3152 1814 3220 qualitatem
1861 3154 2159 3208 mercimo-

532 3227 756 3281 niarum
796 3258 856 3267 -
896 3228 1064 3283 Pavie
1099 3244 1205 3294 pro
1241 3230 1490 3283 comuni
1521 3230 1596 3282 de
1630 3230 1826 3284 modio
1861 3230 1994 3284 salis
2028 3231 2159 3298 plus

533 3320 708 3372 quam
748 3302 830 3357 IV
865 3304 1080 3358 solidos
1115 3320 1364 3371 grossos..

535 3495 654 3547 212.
699 3512 780 3522 -
837 3497 1015 3555 1320,
1063 3476 1200 3539 ian.
1256 3498 1328 3556 13
1396 3482 1464 3541 et
1537 3501 1629 3558 14,
1677 3480 1810 3553 III,
1877 3478 2163 3543 Sonzini

621 3568 692 3631 in
726 3568 998 3653 publica
1041 3568 1369 3633 concione.
1403 3570 1554 3635 Dal
1583 3570 1974 3645 GalantinO,
2033 3573 2154 3656 Op.

620 3662 724 3751 cit.
772 3663 903 3738 III,
944 3682 1045 3743 95.

619 3796 1036 3863 Procurator
1101 3798 1430 3863 Iohannis
1496 3800 1769 3865 comitis
1828 3802 2155 3865 Forensis

523 3900 605 3955 ‘et
650 3890 910 3956 domini
955 3891 1256 3965 Sonzini,
1303 3904 1719 3975 potestatem
1760 3906 2157 3976 praesentat

536 3985 932 4048 hominibus
963 3988 1049 4049 de
1081 3988 1406 4061 SunzinO,
1440 4006 1850 4067 responsum
1883 3989 2156 4051 comitis

536 4078 874 4161 epistolae
919 4099 979 4140 a.
1034 4100 1210 4160 1319,
1281 4092 1456 4162 sept.
1525 4102 1580 4160 9,
1649 4082 1790 4163 legi
1858 4080 2042 4158 facit,
2089 4094 2155 4145 et

537 4174 770 4236 claves
815 4173 1023 4235 castri
1069 4174 1336 4256 recipit.

537 4376 660 4436 213.
706 4396 788 4405 ——
843 4380 1020 4438 1320,
1067 4381 1195 4423 ma.
1229 4384 1288 4440 4,
1335 4361 1471 4433 III,
1518 4359 1740 4443 Regii.
1798 4359 1949 4424 Dal
1984 4360 2155 4423 Tac-

623 4453 777 4531 coli,
827 4454 1036 4516 Mem.
1081 4456 1244 4515 stor.
1290 4452 1367 4515 di
1404 4453 1688 4536 Reggio,
1737 4454 1792 4527 I,
1843 4474 1983 4533 271.

621 4587 998 4651 Consilium
1024 4601 1300 4653 centum
1326 4590 1475 4653 sive
1499 4590 1893 4653 credentiae
1917 4590 2155 4673 Regii,

537 4682 1018 4759 praesentibus
1043 4684 1407 4765 capitaneo
1433 4693 1500 4745 et
1532 4682 2012 4747 defensoribus
2037 4705 2156 4766 po-

537 4774 682 4853 puli
730 4787 799 4837 et
829 4778 1489 4857 potestate,-statuit,
1527 4777 1708 4839 inter
1746 4787 2038 4851 caetera,
2084 4787 2159 4840 ut

538 4867 909 4930 Albertino
955 4870 1042 4931 de
1087 4867 1409 4946 canossa,
1457 4870 1596 4932 civi
1631 4870 1896 4953 regino,
1931 4889 2159 4953 repre-

537 4961 807 5023 sealeae
831 4962 1320 5038 concedantur,
1341 4963 1540 5026 iuxta
1553 4964 1961 5045 petitionem
1988 4965 2157 5039 eiuS‚

517 5064 792 5147 *contra
822 5055 1012 5118 cives
1057 5067 1126 5120 et
1170 5057 1650 5120 distrectuales
1695 5058 2095 5123 Cremonae.

519 5318 528 5333 Ι,
591 5276 649 5326 (1)
679 5270 1014 5317 Nell'Archivio
1043 5272 1262 5323 Gonzaga
1298 5272 1434 5314 esiste
1462 5285 1574 5325 pure
1602 5287 1662 5316 un
1691 5273 1904 5316 fascicolo
1931 5280 2156 5321 cartaceo,

537 5337 694 5395 scritto
722 5334 794 5380 nel
823 5335 978 5397 secolo
1007 5344 1102 5383 xxv,
1133 5340 1406 5377 contenente
1448 5334 1491 5377 la
1519 5342 1628 5379 uota
1656 5336 1728 5378 dei
1757 5336 1861 5378 beni
1890 5334 1936 5377 dl
1969 5336 2105 5377 Bosio
2132 5349 2159 5377 e

537 5396 583 5439 di
613 5397 851 5440 Gandione
895 5396 940 5439 dl
985 5396 1197 5445 Dovaria,
1243 5397 1316 5439 nel
1358 5396 1648 5449 Cremonese,
1676 5410 1702 5439 e
1739 5406 1820 5439 ora
1852 5398 1897 5439 dl
1930 5397 2158 5449 FilippIno

539 5460 772 5512 Gonzaga,
802 5461 986 5511 simiore
1013 5458 1060 5503 di
1103 5460 1340 5511 Mantova,
1369 5459 1574 5504 descritti
1606 5476 1628 5501 α
1655 5462 1702 5503 in
1729 5461 1962 5511 quaternis
1991 5460 2156 5502 imbre·
2182 5474 2189 5485 ·

2332 532 2739 597 Praedictus
2783 531 3196 596 Albertinus
3232 544 3651 614 exposuerat
3682 531 3867 616 quod

2252 646 2434 690 anno
2487 648 2641 709 1317
2702 628 2965 691 electus
3029 626 3255 691 fuerat
3319 628 3391 690 in
3456 636 3864 710 potestatem

2250 719 2651 795 Cremonae,
2696 742 2827 803 pro
2872 742 3001 784 sex
3045 722 3403 785 mensibus
3434 712 3728 785 incoatis
3759 722 3867 785 die

2252 816 2587 877 kalendas
2630 815 2792 879 maii
2835 826 3004 879 tunc
3048 816 3387 897 sequenti,
3433 826 3504 879 et
3547 815 3679 879 sibi
3717 836 3866 897 pro-

2255 910 2541 971 missum
2585 908 2717 973 fuit
2760 910 3085 973 salarium
3139 929 3299 973 1200
3342 909 3673 989 librarum
3714 908 3866 973 Cre-

2255 1022 2519 1077 monae,
2568 1012 2637 1065 et
2684 1006 2801 1083 365
2849 1002 3180 1065 librarum
3224 1004 3464 1085 imper.
3493 1001 3869 1067 Cremonae

2255 1116 2383 1176 pro
2430 1114 2505 1175 25
2552 1096 2957 1171 berovariiS,
3003 1097 3095 1159 ad
3138 1097 3475 1160 rationem
3521 1116 3603 1177 50
3648 1097 3870 1159 soldo-

2256 1209 2409 1251 rum
2436 1191 2678 1271 imper.
2702 1210 2831 1272 pro
2860 1190 3174 1273 quolibet
3204 1210 3441 1253 mense
3462 1191 3873 1273 et·quolibet

2256 1284 2586 1365 ipsorum.
2632 1282 2863 1365 Quum
2906 1304 3076 1347 vero
3120 1283 3436 1367 regimen
3472 1283 3874 1347 intravisset

2258 1397 2415 1439 curn
2460 1387 2605 1441 tota
2648 1377 2911 1441 familia
2975 1387 3044 1441 et
3110 1376 3329 1459 equiS,
3394 1392 3555 1459 post
3599 1378 3754 1441 dies
3800 1398 3870 1457 27

2261 1471 2371 1532 vel
2415 1471 2617 1544 circa,
2655 1481 2945 1552 propter
2979 1469 3328 1533 novitates
3359 1482 3429 1534 et
3460 1470 3876 1534 mutationes

2258 1562 2638 1626 Cremonae
2683 1563 2923 1638 factaS,
2985 1563 3271 1627 civitate
3335 1564 3527 1627 abire
3594 1574 3873 1627 coactus

2257 1655 2404 1731 fuit,
2451 1677 2578 1720 nec
2622 1656 2884 1741 aliquid
2948 1659 3034 1720 de
3102 1678 3227 1722 suo
3275 1656 3524 1721 salario
3570 1657 3878 1739 recipere

2255 1761 2579 1831 potuerat
2646 1771 2867 1834 usque
2927 1753 3015 1814 ad
3059 1762 3502 1833 praesentem
3548 1749 3757 1813 diem.
3802 1788 3877 1797 —

2257 1842 2485 1925 Quare
2528 1845 2979 1927 represaleaS,
3050 1866 3271 1927 usque
3329 1846 3419 1907 ad
3462 1844 3873 1908 satisfactio-

2257 1958 2414 2000 nem
2461 1938 2712 2011 salarii,
2757 1938 2978 2020 petiit.

2256 2142 2379 2202 214.
2424 2160 2509 2170 —
2561 2144 2737 2202 1320,
2784 2145 2941 2208 aug.
2992 2145 3048 2198 2,
3096 2126 3228 2189 III.
3272 2122 3439 2189 AG.

2338 2260 2609 2335 Annae,
2668 2260 2849 2325 filiae
2917 2283 2983 2344 q.
3048 2262 3349 2325 Nicolini
3416 2263 3503 2325 de
3545 2262 3873 2335 Dovaria,

2255 2357 2343 2418 ab
2392 2354 2709 2418 Antonio
2776 2357 2863 2418 de
2906 2356 3215 2430 RosetiS,
3290 2354 3521 2418 iudice
3564 2366 3633 2419 et
3681 2355 3874 2419 iuris-

2256 2449 2479 2529 perito
2544 2448 2889 2520 Mantuae,
2960 2450 3243 2511 consule
3310 2449 3398 2511 ad
3459 2449 3762 2512 bancurn
3810 2449 3873 2512 S.

2256 2541 2511 2615 Iacobi,
2559 2543 2761 2604 datur
2804 2542 3129 2604 Petrinus
3175 2562 3242 2623 q.
3286 2541 3578 2605 Oliverii
3624 2544 3716 2605 de
3748 2542 3873 2603 Bo-

2256 2634 2573 2707 nacolsiS,
2619 2648 3049 2717 procurator.

2258 2837 2379 2900 215.
2426 2857 2507 2866 -——
2562 2841 2715 2899 1322
2765 2824 2941 2902 (1321
3019 2820 3187 2904 ina),
3256 2820 3392 2885 ian.
3462 2825 3520 2895 6,
3592 2822 3667 2895 V,
3722 2820 3869 2885 Cre-

2342 2934 2597 2987 monae,
2644 2912 2719 2975 in
2764 2912 3031 2977 ecclesia
3078 2914 3340 2977 maiori.
3393 2914 3450 2978 C
3446 2914 3549 2977 M.

2339 3052 2733 3135 Capitulum
2801 3053 3136 3116 ecclesiae
3202 3054 3692 3127 cremonensiS,
3759 3055 3871 3117 ab·

2257 3148 2451 3210 bates
2496 3148 2566 3211 S.
2612 3147 2919 3209 Thomae
2965 3158 3034 3209 et
3079 3147 3149 3210 S.
3192 3147 3545 3211 Laurentii
3594 3146 3869 3211 Cremo-

2256 3260 2405 3315 nae,
2431 3242 2685 3322 quibus
2716 3241 2991 3303 collatio
3023 3240 3443 3303 decimarum
3467 3241 3537 3303 in
3569 3241 3870 3304 dioecesi

2256 3335 2689 3397 cremonensi
2735 3335 3147 3396 demandata
3190 3332 3433 3410 fuerat,
3467 3354 3640 3417 quas
3672 3345 3873 3397 extra

2257 3428 2568 3491 ordinem
2615 3427 2985 3490 concilium
3046 3428 3422 3490 viennense
3466 3428 3539 3489 in
3582 3428 3872 3491 Francia

2254 3520 2323 3582 in
2372 3522 2477 3583 sui
2522 3521 2743 3601 ipsius
2788 3520 3171 3584 subsidium
3217 3521 3700 3603 imperaverat,
3760 3524 3870 3583 ab·

2257 3615 2464 3677 solvit
2530 3614 2970 3677 accusatione
3041 3616 3231 3696 quod
3294 3634 3433 3677 non
3502 3616 3872 3678 solvissent

2258 3712 2375 3787 685
2425 3708 2639 3772 libras
2684 3718 2755 3771 et
2806 3729 2879 3788 19
2926 3708 3163 3781 soldos
3208 3708 3618 3790 imperiales,

2338 3801 2731 3865 Davidinus
2777 3803 2863 3864 de
2906 3801 3250 3865 Restaliis
3294 3802 3629 3865 notarius,

2255 3993 2381 4053 216.
2432 4025 2513 4033 ——
2566 4007 2744 4066 1322,
2811 3986 2956 4051 iun.
3028 4009 3087 4067 9,
3155 3988 3237 4050 X
3254 3988 3326 4062 V,
3384 3989 3741 4063 Mantuae,
3800 3986 3869 4050 in

2340 4080 2607 4143 civitate
2672 4080 2900 4153 veteri,
2967 4080 3042 4143 in
3098 4080 3364 4165 palacio
3432 4080 3769 4145 Guidom's
3811 4086 3873 4143 et

2340 4172 2683 4259 Filz'ppini
2720 4178 2789 4237 et
2828 4174 3151 4239 Beltrani
3173 4174 3212 4238 ,9
3278 4174 3357 4238 de
3410 4174 3752 4260 Gonzaga.
3798 4174 3866 4237 in

2338 4272 2647 4331 contrata
2718 4268 3160 4332 Scaionorum
3192 4268 3232 4331 ,9
3303 4270 3373 4331 S.
3456 4267 3866 4332 Alexandri.

2338 4360 2506 4435 AG,
2551 4367 2660 4445 ap.
2712 4366 3029 4425 cartaceo,

2338 4500 2879 4562 Instrumentum
2948 4499 3131 4561 dotis
3176 4499 3263 4561 D.
3326 4498 3532 4563 Anae
3590 4501 3677 4563 de
3732 4498 3865 4561 Do-

2259 4594 2472 4665 varia,
2520 4592 2762 4656 uxoris
2807 4590 3161 4676 magnifici
3206 4592 3291 4655 D.
3339 4593 3687 4675 Filippini,
3747 4592 3866 4655 filii

2256 4685 2611 4769 magnifici
2678 4686 2763 4748 D.
2816 4686 3055 4769 Loysii
3101 4687 3187 4749 de
3256 4686 3609 4769 Gonzaga‚
3675 4686 3787 4749 die
3830 4704 3865 4763 9

2258 4780 2425 4843 iunii
2480 4800 2657 4858 1322.

2342 4875 2672 4955 Sequitur
2717 4874 3143 4938 enumeratio
3188 4876 3551 4937 bonorum.

2342 4966 2841 5031 Marchexinus
2907 4966 2951 5031 f.
2996 4967 3083 5030 D.
3128 4966 3517 5031 Bertholini
3564 4968 3647 5029 de
3692 4966 3864 5028 Bon-

2259 5061 2533 5136 dinellis
2578 5061 2908 5133 notarim,
2955 5082 3015 5125 a.
3071 5066 3247 5142 1367,
3296 5062 3381 5123 V.
3434 5062 3538 5143 (1).

2255 5274 2530 5316 viaturarmn
2561 5274 2748 5317 Oliverii
2788 5286 2832 5326 q.
2862 5274 3045 5317 Fet-arie
3086 5274 3145 5317 de
3186 5274 3403 5317 Salarolis
3434 5291 3455 5313 ι
3484 5287 3512 5316 e
3538 5276 3583 5316 in
3612 5282 3731 5316 certo
3756 5274 3863 5314 libro

2253 5336 2299 5377 di
2328 5336 2548 5378 divisione
2574 5336 2641 5379 fra
2670 5336 2811 5387 Lisia,
2843 5337 2967 5389 figlia
2996 5337 3041 5379 di
3087 5338 3237 5387 Bosio,
3278 5337 3537 5389 Guglielmo
3566 5336 3594 5378 s.
3625 5337 3863 5378 d'Antonio

2252 5398 2283 5440 s.
2315 5398 2359 5440 di
2391 5400 2541 5449 Bosio,
2572 5399 2631 5441 da
2659 5412 2748 5441 una
2778 5406 2919 5451 parte,
2951 5414 2977 5441 e
2998 5400 3198 5443 Raffaele
3218 5400 3264 5442 di
3288 5402 3460 5449 Ronco,
3490 5400 3665 5442 sindico
3686 5400 3752 5440 del
3776 5400 3861 5439 Co-

2254 5473 2390 5504 mune
2418 5462 2464 5503 di
2494 5462 2721 5505 Cremona
2750 5465 2884 5517 (1269,
2916 5463 3024 5505 dec.
3048 5466 3107 5518 2).
