4050 6109
481 284 559 359 36

475 539 706 608 graliter
739 540 1047 594 observare
1082 546 1140 593 et
1187 534 1479 591 observari
1531 534 1718 588 facere
1753 539 1813 586 et
1847 538 2107 585 manute-

476 634 615 671 nere
649 626 708 671 et
761 616 1086 671 executioni
1143 614 1438 678 mandare,
1493 620 1772 679 tanquam
1825 617 2107 665 statutum

477 694 695 762 populi,
723 692 1049 749 dummodo
1086 708 1202 747 non
1240 699 1395 747 esset
1429 690 1521 743 vel
1555 689 1772 743 factum
1797 694 1950 741 esset
1973 702 2109 739 con-

475 780 562 825 tra
595 772 1011 825 conventiones
1047 779 1107 824 et
1140 778 1310 837 pacta
1345 767 1568 821 domini
1603 765 1786 821 nostri
1824 763 2019 829 Regis·

1251 968 1338 1031 38.

482 1106 576 1157 De
602 1104 912 1158 cassatione
955 1100 1308 1169 provisionis
1355 1102 1416 1153 in
1464 1116 1573 1167 qua
1608 1099 1934 1152 continetur
1966 1096 2117 1164 quod

551 1183 709 1234 nulla
735 1186 988 1247 persona
1014 1178 1202 1245 possit
1230 1193 1416 1231 secum
1452 1176 1658 1229 ducere
1680 1177 1838 1227 ultra
1867 1176 2116 1241 quatuor

559 1258 834 1311 homines.

555 1396 700 1448 Item
737 1393 947 1447 eodem
985 1391 1290 1445 millesimo
1327 1389 1638 1443 indictione
1674 1397 1732 1441 et
1767 1404 1968 1441 mense
2003 1394 2115 1440 sta-

486 1480 674 1525 tutum
699 1470 774 1523 ed
799 1467 1131 1523 ordinatum
1168 1477 1274 1529 est,
1314 1466 1474 1533 quod
1498 1482 1631 1519 cum
1655 1465 1795 1518 alias
1820 1464 2115 1530 provisum

484 1548 654 1601 suerit
687 1562 791 1613 per
814 1554 1002 1600 certos
1039 1546 1327 1610 sapientes
1364 1543 1600 1605 electOS,
1641 1550 1700 1595 et
1735 1540 2115 1593 reformatum

487 1642 593 1691 per
627 1640 730 1677 eos
765 1624 840 1677 de
879 1637 1077 1675 mense
1115 1620 1352 1674 ianuarii
1389 1620 1510 1672 sive
1545 1618 1811 1671 februarii
1851 1616 2116 1683 proximi,

489 1700 746 1767 preteriti
782 1699 874 1753 vel
921 1697 1223 1765 presentiS,
1279 1705 1513 1763 propter
1565 1696 1860 1761 quandam
1895 1693 2119 1746 discor-

489 1778 646 1831 diam
683 1785 742 1831 et
777 1775 1113 1835 zinzaniam,
1153 1790 1306 1841 quae
1332 1772 1632 1827 dicebatur
1661 1788 1788 1824 esse
1827 1770 1974 1823 inter
2001 1786 2119 1823 ma-

489 1862 692 1921 gnates
750 1854 1074 1907 Cremonae
1099 1890 1111 1912 ,
1172 1850 1388 1903 scilicet
1440 1848 1599 1916 quod
1654 1848 1812 1901 nulla
1869 1862 2119 1913 persona

491 1932 908 1997 cuiuscumque
958 1927 1306 1981 conditionis
1355 1926 1560 1979 existat
1600 1924 1782 1991 possit
1816 1933 1873 1976 et
1907 1923 2121 1977 debeat

493 2009 706 2062 ducere
741 2023 941 2061 secum
979 2006 1128 2059 ultra
1161 2012 1411 2071 quatuor
1435 2002 1702 2056 homines
1727 2040 1740 2053 .
1780 2043 1792 2055 .
1833 2040 1848 2055 .
1887 2008 1944 2053 et
1967 2016 2121 2052 nunc

493 2085 569 2139 ad
605 2099 878 2150 praesens
925 2082 999 2136 sit
1044 2081 1270 2135 sublata
1318 2088 1376 2133 et
1421 2078 1702 2144 extirpata
1735 2078 1925 2130 omnis
1961 2094 2123 2143 prae-

497 2162 650 2215 dicta
686 2160 973 2214 discordia
1009 2168 1066 2211 et
1101 2157 1374 2219 zinzania,
1404 2165 1462 2209 et
1497 2156 1644 2209 inter
1678 2171 1782 2208 eos
1816 2154 2124 2208 concordie

493 2248 770 2306 generata
806 2238 897 2299 sit,
936 2235 1096 2304 quod
1133 2234 1205 2288 ad
1245 2234 1354 2287 hoc
1391 2242 1454 2286 ut
1493 2234 1614 2298 ipsa
1649 2232 1778 2286 talis
1814 2229 2125 2285 concordia

495 2324 777 2382 perpetuo
814 2321 1186 2366 conservetur
1228 2311 1376 2364 inter
1423 2326 1526 2363 eos
1579 2318 1634 2363 et
1683 2316 2125 2363 manuteneatur

496 2401 556 2445 et
587 2400 652 2445 ut
687 2392 834 2444 inter
867 2406 970 2443 eos
1016 2397 1210 2443 careat
1251 2387 1410 2441 omni
1459 2386 1807 2451 suspicione,
1853 2394 1914 2438 et
1948 2385 2121 2439 etiam

497 2476 731 2534 propter
755 2482 923 2520 casus
958 2472 1325 2520 occurrentes
1355 2472 1413 2516 et
1431 2462 1794 2515 conditiones
1815 2478 1966 2529 quae
1991 2468 2127 2514 sunt

499 2546 556 2596 in
591 2544 822 2596 civitate
859 2544 1180 2595 Cremonae
1217 2548 1451 2607 propter
1487 2538 1749 2592 inimicos
1785 2546 1844 2591 et
1884 2538 2127 2591 rebelles

502 2621 604 2687 qui
641 2629 778 2673 sunt
811 2620 868 2671 in
905 2618 1124 2679 castris,
1170 2626 1230 2670 et
1277 2616 1446 2669 certis
1490 2614 1798 2668 rebellibus
1831 2614 2128 2668 communi

502 2699 848 2760 Cremonae,
877 2695 1038 2762 quod
1063 2695 1138 2749 ad
1164 2695 1275 2748 hoc
1299 2702 1361 2747 ut
1395 2692 1530 2746 dicti
1556 2701 1854 2758 magnates
1877 2699 1935 2745 et
1953 2692 2127 2744 etiam

501 2774 646 2828 aliae
683 2789 964 2840 personae
1017 2771 1259 2824 civitatis
1311 2770 1634 2823 Cremonae
1683 2769 1904 2835 possint
1937 2769 2008 2821 ad
2048 2768 2131 2821 in-

501 2851 688 2903 vicem
725 2858 875 2903 stare
911 2858 968 2903 et
1016 2847 1322 2913 providere
1363 2848 1514 2899 circa
1556 2846 1992 2900 distructionem
2030 2862 2130 2898 no-

501 2936 752 2980 strorum
779 2926 1162 2984 inimicorum,
1189 2924 1344 2977 dicta
1369 2922 1620 2989 provisio
1647 2922 1750 2975 sed
1775 2922 1989 2975 dictum
2019 2931 2131 2974 sta-

503 3012 712 3066 tutum,
751 3020 884 3057 cum
920 3001 1181 3070 quolibet
1217 3000 1330 3054 alio
1365 3008 1580 3055 statuto
1625 3001 1896 3065 loquente
1932 2998 2005 3052 de
2041 3015 2133 3051 su-

504 3080 760 3146 pradicta
799 3078 1054 3141 materia,
1107 3077 1220 3131 sint
1271 3093 1432 3131 cassa
1481 3085 1538 3129 et
1581 3092 1728 3129 vana
1763 3092 1866 3129 seu
1901 3091 2129 3128 cassum

506 3166 564 3210 et
599 3174 812 3211 vanum
850 3166 909 3209 et
939 3155 1150 3208 nullius
1185 3154 1412 3214 valoriS,
1451 3162 1510 3206 et
1546 3170 1650 3219 pro
1676 3153 1852 3205 cassis
1887 3161 1946 3205 et
1969 3152 2131 3203 vanis

507 3234 786 3287 habeatur
821 3232 1168 3285 authoritate
1206 3230 1522 3297 praesentis
1559 3228 1774 3283 statuti.

1275 3442 1362 3492 39·

511 3576 604 3625 De
627 3572 980 3641 [actionibus
1002 3570 1290 3638 faciendis·
1335 3572 1394 3623 in
1443 3571 1560 3622 illis
1593 3569 1814 3623 vicae‘nt‘tls
1848 3569 1908 3621 in
1941 3569 2137 3635 quibus

531 3649 831 3718 faciebant
849 3650 1102 3714 tempore
1128 3648 1533 3700 Brixiensium
1556 3649 1613 3697 et
1633 3644 2101 3697 Alantuanorum.

583 3788 766 3838 Iteom
792 3784 1003 3837 eodem
1031 3784 1336 3837 millesimo
1371 3782 1684 3835 indictione
1712 3790 1770 3834 et
1807 3797 2004 3834 mense
2030 3790 2139 3835 sta-

512 3871 700 3916 tutum
737 3870 796 3915 et
830 3861 1164 3914 ordinatum
1203 3868 1309 3920 est,
1343 3858 1502 3926 quod
1527 3874 1658 3910 curn
1685 3858 1989 3912 occasione
2011 3874 2142 3924 pro-

513 3939 750 3992 visionis
784 3954 935 4005 quae
979 3946 1067 3989 est
1113 3936 1190 3989 ad
1239 3936 1492 3989 officium
1544 3935 1805 4001 gabellae
1852 3935 2141 4001 loquentis

513 4015 672 4083 quod
692 4014 934 4081 quilibet
955 4022 1218 4067 teneatur
1237 4012 1430 4065 subire
1450 4020 1507 4065 et
1525 4028 1702 4065 onera
1723 4021 1780 4064 et
1798 4011 2139 4066 sactioneS...

513 4099 747 4157 propter
775 4090 936 4157 quod
974 4090 1190 4142 multae
1225 4088 1624 4142 altercationes
1659 4096 1716 4140 et
1751 4088 2142 4141 dubitationes

511 4168 864 4227 oriebantur,
904 4174 966 4219 ut
1000 4166 1186 4220 dictae
1226 4164 1625 4219 altercationes
1660 4173 1719 4217 et
1753 4164 2143 4218 dubitationes

513 4246 804 4305 tollantur,
843 4260 994 4311 quae
1039 4250 1278 4309 possent
1319 4242 1474 4296 oriri.
1523 4241 1682 4308 quod
1730 4241 1969 4307 quilibet
2004 4242 2143 4295 civis

517 4324 838 4375 Cremonae
857 4329 1122 4374 teneatur
1141 4328 1198 4373 et
1219 4320 1435 4372 debeat
1453 4319 1734 4371 sustinere
1754 4318 1949 4370 omnia
1967 4334 2143 4371 onera

517 4407 576 4452 et
609 4399 886 4451 sactiones
922 4398 980 4449 in
1021 4397 1114 4449 illa
1135 4396 1344 4449 vicinia
1383 4396 1439 4448 in
1477 4411 1592 4461 qua
1630 4394 1952 4447 sustinebat
1987 4403 2045 4447 et
2068 4394 2145 4448 fa-

517 4475 706 4527 ciebat
727 4482 1023 4540 temporae
1047 4490 1292 4539 guerrae
1321 4470 1698 4541 Brixiensium
1729 4479 1786 4523 et
1807 4471 2146 4523 Mantuano-

520 4567 668 4604 rum.
713 4552 784 4602 Et
818 4549 976 4617 quod
1023 4550 1082 4602 in
1131 4548 1324 4616 aliqua
1367 4548 1479 4601 alia
1530 4547 1736 4599 vicinia
1787 4563 1905 4599 non
1943 4548 2142 4613 possit,

519 4644 626 4680 ηερ
661 4627 872 4681 debeat
916 4627 1184 4691 compelli
1233 4625 1306 4679 ad
1357 4625 1548 4691 aliqua
1597 4640 1774 4676 onera
1809 4624 2149 4677 sustinenda

520 4720 624 4757 nec
654 4702 930 4770 facienda,
955 4702 1114 4756 salvo
1151 4702 1310 4768 quod
1347 4702 1457 4754 hoc
1493 4701 1686 4753 locum
1731 4716 1847 4752 non
1909 4700 2139 4761 habeat,

517 4781 572 4831 in
599 4780 944 4845 pixonentis,
985 4796 1136 4845 quae
1173 4780 1358 4831 facere
1384 4786 1442 4831 et
1474 4777 1799 4830 substinere
1837 4784 2146 4830 teneantur

521 4856 576 4907 in
603 4855 712 4908 illis
753 4855 973 4908 viciniis
1015 4854 1072 4908 in
1117 4855 1330 4921 quibus
1367 4854 1542 4907 hodie
1587 4862 1740 4907 stant
1779 4860 1838 4905 et
1866 4854 2145 4915 habitant,

519 4933 661 4985 dum
698 4940 890 4985 tamen
929 4932 1034 4997 ipsi
1072 4930 1368 4996 pixonenti
1395 4940 1656 4997 tempore
1697 4929 1885 4982 dictae
1908 4944 2148 4994 guerrae

521 5023 636 5061 non
674 5008 980 5062 habuerint
1004 5007 1226 5074 aliquas
1250 5008 1458 5060 domos
1483 5007 1743 5073 proprias
1779 5006 1836 5057 in
1861 5006 2151 5072 aliquibus

517 5085 643 5139 aliis
679 5084 900 5138 viciniis
935 5093 993 5138 et
1027 5085 1085 5137 in
1133 5084 1270 5149 ipsis
1321 5084 1736 5138 habitavissent
1771 5092 2033 5149 tempore
2071 5084 2153 5135 di-

521 5171 648 5215 ctae
685 5178 911 5227 guerre.
953 5162 1024 5214 Et
1077 5160 1236 5227 quod
1292 5161 1533 5228 quilibet
1585 5162 1686 5227 qui
1732 5176 1848 5213 non
1893 5161 1967 5214 sit
2013 5160 2153 5212 civis

523 5246 789 5292 teneatur
825 5238 1010 5291 facere
1046 5238 1322 5290 factiones
1347 5238 1404 5291 in
1431 5238 1524 5291 illa
1559 5237 1764 5291 vicinia
1801 5237 1855 5289 in
1893 5253 2010 5303 qua
2047 5237 2155 5288 ho-

524 5316 617 5368 die
673 5323 785 5370 stat
837 5324 896 5367 et
940 5314 1176 5374 habitat,
1221 5331 1337 5368 non
1391 5315 1656 5369 obstante
1701 5313 1896 5380 aliquo
1940 5322 2155 5366 statuto

524 5390 778 5457 generali
818 5406 922 5443 nec
975 5390 1228 5456 speciali.
1289 5392 1361 5445 Et
1405 5391 1565 5457 quod
1619 5390 1911 5457 praedicta
1960 5390 2153 5444 locum

521 5468 633 5522 sibi
671 5484 786 5521 non
823 5467 1130 5521 vendicent
1163 5467 1220 5520 in
1261 5467 1494 5520 datione
1517 5466 1672 5529 saliS‚
1709 5476 1768 5520 et
1804 5466 1860 5520 in
1895 5466 2151 5533 guardiS.

1478 288 1748 339 CODICE
1789 285 2308 337 DIPLOMATICO
2358 285 2818 336 CREMONESE

2975 543 3062 594 40.

2364 667 2530 732 Quod
2559 667 2811 719 consules
2846 682 2945 719 nec
2982 665 3260 719 massarii
3290 668 3684 733 aggraventur

2741 749 2860 810 pro
2895 743 3118 797 viciniis
3150 741 3290 796 suis·

2278 880 2425 933 Item
2460 877 2671 933 eodem
2708 878 3016 933 millesimo
3053 878 3365 934 indictione
3399 887 3459 933 et
3492 895 3693 933 mense
3730 886 3838 933 sta-

2209 963 2397 1010 tutum
2433 964 2493 1009 et
2526 955 2855 1011 ordinatum
2891 964 3011 1019 est,
3050 956 3211 1025 quod
3247 957 3515 1011 consules
3550 972 3654 1009 seu
3692 972 3839 1009 mas-

2208 1032 2339 1086 sarii
2376 1032 2713 1087 vicinarium
2751 1032 3074 1087 Cremonae
3124 1050 3243 1087 non
3278 1042 3585 1087 teneantur
3620 1048 3729 1099 pro
3763 1033 3841 1084 vi-

2210 1109 2358 1163 cinia
2394 1126 2497 1164 sua
2533 1126 2641 1163 ηερ
2674 1126 2779 1177 pro
2826 1110 3025 1164 vicinis
3070 1110 3432 1171 eorumdem,
3467 1110 3609 1163 dum
3644 1118 3839 1163 tamen

2210 1187 2393 1253 parati
2428 1186 2544 1240 sint
2594 1186 2837 1240 reddere
2886 1187 3169 1240 rationem
3214 1186 3287 1239 de
3324 1204 3395 1239 eo
3430 1186 3591 1253 quod
3628 1186 3706 1239 ad
3742 1202 3842 1238 eos

2211 1264 2539 1330 pervenerit
2579 1278 2681 1317 seu
2731 1265 3054 1330 perveniret
3105 1264 3341 1317 nomine
3378 1264 3565 1317 dictae
3600 1262 3845 1315 viciniae

2212 1356 2353 1394 suae
2388 1348 2447 1393 et
2482 1340 2821 1401 vicinorum,
2849 1349 2908 1395 et
2942 1339 3079 1394 dare
3119 1340 3171 1393 in
3210 1340 3432 1407 scriptis
3466 1340 3711 1393 domino
3748 1355 3847 1405 po-

2217 1418 2409 1471 testati
2444 1418 2535 1470 vel
2573 1417 2877 1484 capitaneo
2911 1427 2969 1470 et
3004 1433 3207 1470 eorum
3244 1416 3471 1471 familiis
3505 1417 3598 1470 vel
3632 1416 3847 1470 officia-

2214 1494 2365 1547 libus
2402 1494 2474 1548 ad
2512 1495 2623 1547 hoc
2659 1494 2951 1560 deputatis
2986 1494 3223 1547 nomina
3258 1493 3486 1547 illorum
3522 1492 3845 1546 vicinorum

2216 1571 2316 1639 qui
2353 1571 2629 1624 sactiones
2664 1572 2991 1625 communis
3028 1571 3352 1624 Cremonae
3374 1587 3483 1637 pro
3506 1576 3673 1637 parte
3696 1586 3851 1622 sum-

2217 1663 2346 1700 mae
2382 1663 2617 1701 suorum
2673 1647 2997 1701 libellorum
3044 1648 3231 1701 facere
3285 1655 3613 1701 recusarent
3646 1654 3711 1699 et
3746 1662 3849 1713 pro

2217 1724 2472 1789 guardis.

2982 1876 3043 1925 41
3056 1901 3069 1913 .

2617 1998 2711 2050 De
2744 1998 3059 2064 quarteriis
3093 1996 3458 2051 viciniarum.

2292 2138 2437 2189 Item
2474 2136 2685 2189 eodem
2723 2136 3029 2189 millesimo
3066 2135 3373 2189 indictione
3408 2143 3467 2187 et
3500 2149 3711 2187 mense
3747 2142 3855 2187 sta-

2224 2221 2411 2266 tutum
2457 2222 2517 2264 et
2556 2211 2887 2266 ordinatum
2932 2221 3039 2275 est,
3094 2209 3257 2278 quod
3310 2210 3603 2278 quaelibet
3644 2209 3853 2263 vicinia

2224 2289 2467 2343 civitatis
2502 2297 2560 2342 et
2586 2288 2900 2355 burgorum
2927 2290 3270 2349 Cremonae,
3295 2304 3447 2354 quae
3473 2296 3857 2341 consueverat

2225 2382 2352 2419 esse
2387 2365 2571 2418 divisa
2606 2382 2709 2431 per
2738 2366 3046 2432 quarteria,
3074 2365 3235 2432 quod
3259 2364 3413 2417 dicta
3445 2364 3742 2432 quarteria
3776 2363 3856 2414 in-

2226 2442 2556 2507 telligantur
2590 2442 2931 2495 auctoritate
2954 2441 3270 2508 praesentis
3294 2441 3490 2495 statuti
3512 2456 3645 2494 esse
3670 2440 3855 2503 firma,

2226 2528 2285 2571 et
2320 2518 2379 2571 in
2414 2534 2486 2571 eo
2522 2526 2673 2571 statu
2719 2534 3059 2584 permanere
3108 2518 3167 2570 in
3215 2533 3336 2584 quo
3378 2533 3506 2571 esse
3540 2532 3857 2570 consueve-

2226 2604 2371 2647 rant.
2428 2595 2500 2647 Et
2540 2594 2701 2660 quod
2750 2612 2955 2648 omnes
3004 2595 3149 2648 aliae
3202 2594 3445 2647 viciniae
3498 2594 3749 2649 civitatis
3800 2604 3855 2647 et

2225 2673 2541 2737 burgorum
2577 2672 2921 2733 Cremonae,
2958 2687 3110 2739 quae
3146 2686 3262 2723 non
3300 2680 3727 2725 consueverant
3762 2672 3857 2723 ha-

2228 2749 2365 2801 bere
2412 2748 2720 2815 quarteria,
2760 2748 2983 2815 possint
3024 2748 3209 2801 facere
3245 2748 3534 2813 quarteria
3567 2748 3644 2801 de
3684 2764 3856 2808 novo,

2230 2841 2409 2879 unum
2444 2833 2503 2878 et
2538 2825 2721 2891 plura,
2750 2825 2826 2879 ad
2863 2842 3066 2879 eorum
3102 2826 3341 2877 liberam
3366 2824 3745 2880 voluntatem.
3789 2826 3857 2876 Et

2228 2900 2388 2968 quod
2425 2901 2499 2953 de
2542 2910 2735 2954 cetero
2784 2918 2899 2954 non
2955 2901 3137 2967 possit
3176 2901 3432 2967 agravari
3468 2917 3651 2954 unum
3691 2917 3859 2968 quar-

2230 2978 2434 3032 terium
2489 2994 2595 3045 pro
2638 2978 2818 3031 altero
2860 2995 2966 3044 pro
3010 2977 3205 3045 aliquo
3242 2993 3421 3031 onere
3462 2978 3735 3044 imposito
3770 2976 3856 3030 vel

2230 3055 2582 3120 imponendo
2636 3072 2737 3121 per
2787 3072 3097 3108 commune
3142 3055 3468 3107 Cremonae
3512 3054 3682 3107 dictis
3728 3054 3858 3107 vici·

2230 3131 2439 3184 nantiis
2472 3148 2623 3198 quae
2658 3140 2852 3185 essent
2885 3131 3102 3184 divisae
3138 3146 3241 3197 per
3275 3132 3585 3196 quarteria,
3604 3130 3753 3184 dum
3784 3140 3860 3184 ta-

2232 3223 2363 3259 men
2402 3207 2705 3273 quodlibet
2728 3208 3081 3273 quarterium
3119 3207 3286 3262 saciat
3313 3214 3371 3260 et
3392 3206 3673 3260 sustineat
3698 3222 3861 3260 suam

2232 3292 2451 3348 partem
2501 3284 2694 3337 oneris
2747 3284 2999 3350 impositi
3048 3284 3107 3336 in
3157 3298 3263 3337 sua
3308 3284 3533 3337 vicinia.
3582 3284 3656 3336 Et
3702 3283 3859 3349 quod

2232 3359 2493 3427 quolibet
2540 3360 2891 3427 quarterium
2940 3369 3203 3413 teneatur
3244 3361 3458 3414 habere
3492 3376 3677 3414 unum
3718 3374 3862 3412 mas-

2234 3436 2447 3489 sarium
2471 3438 2573 3503 qui
2598 3454 2715 3491 non
2752 3438 2931 3503 possit
2955 3438 3083 3503 cogi
3120 3454 3225 3503 pro
3250 3438 3383 3498 alio,
3412 3452 3563 3503 pena
3582 3446 3641 3490 et
3666 3438 3861 3489 banno

2234 3512 2467 3567 cuilibet
2501 3513 2727 3567 officiali
2774 3514 3199 3566 contrafacienti
3238 3516 3283 3566 L
3320 3513 3591 3567 librarum
3636 3514 3824 3579 imper
3846 3551 3859 3571 2

2235 3588 2310 3642 de
2343 3605 2547 3642 eorum
2584 3590 2803 3643 salariis
2838 3591 3169 3644 auferenda.

3002 3772 3089 3822 42.

2678 3847 2719 3874 Μ

2278 3898 2368 3948 De
2400 3913 2619 3949 summa
2652 3898 2701 3949 C
2700 3897 2750 3948 C
2777 3894 3062 3948 librarum
3098 3896 3393 3950 dividenda
3420 3903 3534 3963 per
3572 3898 3829 3951 vicim'as.

2312 4026 2457 4077 Item
2494 4024 2703 4076 eodem
2742 4024 3045 4077 millesimo
3080 4024 3392 4079 indictione
3428 4033 3485 4077 et
3520 4041 3723 4079 mense
3758 4034 3867 4080 sta-

2245 4172 2431 4217 tutum
2477 4173 2536 4216 et
2582 4163 2909 4216 ordinatum
2954 4172 3077 4223 est,
3127 4164 3285 4230 quod
3324 4180 3439 4217 una
3492 4180 3723 4219 summa
3772 4116 3865 4218 CnC

2243 4239 2515 4292 librarum
2556 4240 2935 4305 imperialium
2973 4240 3303 4307 imponatur
3347 4258 3449 4306 per
3484 4241 3777 4296 civitatem
3811 4250 3868 4295 et

2245 4318 2458 4381 burgos
2494 4316 2835 4377 Cremonae,
2866 4334 3018 4383 quae
3054 4334 3279 4373 summa
3318 4318 3527 4371 debeat
3549 4319 3730 4373 dividi
3768 4336 3867 4386 per

2245 4402 2439 4459 portas
2476 4402 2533 4445 et
2557 4394 2792 4445 vicinias
2818 4393 3059 4447 civitatis
3094 4404 3153 4447 et
3188 4394 3503 4459 burgorum
3532 4397 3867 4451 Cremonae.

2248 4472 2319 4523 Et
2353 4469 2512 4537 quod
2546 4468 2761 4522 domini
2803 4479 3059 4537 potestas
3094 4480 3151 4523 et
3185 4470 3519 4537 capitaneus
3568 4481 3869 4527 teneantur

2246 4547 2389 4600 infra
2423 4546 2647 4599 tertiam
2685 4545 2837 4598 diem
2875 4564 2908 4599 a
2946 4556 3204 4612 tempore
3252 4548 3656 4613 publicationis
3702 4566 3869 4616 prae-

2247 4623 2422 4677 sentis
2466 4622 2659 4675 statuti
2709 4638 2925 4689 ponere
2960 4624 3035 4677 ad
3070 4624 3375 4677 consilium
3421 4626 3747 4679 communis
3780 4626 3867 4678 vel

2246 4700 2445 4766 populi
2488 4701 2809 4752 Cremonae
2838 4739 2849 4760 ,
2895 4701 2983 4753 vel
3021 4700 3094 4753 ad
3132 4700 3292 4762 quod
3336 4701 3513 4755 alium
3568 4702 3867 4756 consilium

2248 4777 2355 4830 sibi
2392 4776 2596 4829 melius
2632 4786 2689 4829 et
2726 4777 2920 4829 utilius
2957 4776 3263 4840 videbitur,
3303 4777 3377 4830 de
3402 4778 3581 4831 modo
3607 4790 3665 4832 et
3689 4780 3867 4833 forma

2246 4853 2541 4906 dividendi
2577 4852 2787 4906 dictam
2836 4868 3122 4907 summam
3172 4869 3274 4919 per
3317 4864 3513 4920 portas
3548 4865 3607 4909 et
3641 4856 3869 4909 vicinias

2249 4929 2490 4983 civitatis
2524 4938 2585 4983 et
2627 4930 2943 4995 burgorum
2981 4932 3322 4984 Cremonae.
3380 4932 3453 4984 Et
3487 4933 3648 4999 quod
3682 4932 3866 4985 omnis

2250 5006 2359 5059 alia
2394 5023 2621 5060 summa
2646 5023 2793 5073 quae
2832 5007 2961 5060 hinc
2999 5016 3150 5062 retro
3186 5008 3385 5061 fuisset
3420 5008 3687 5075 imposita
3710 5018 3767 5062 et
3790 5010 3871 5062 di-

2251 5084 2370 5136 visa
2408 5100 2509 5149 per
2546 5094 2739 5150 portas
2775 5092 2833 5137 et
2867 5084 3103 5138 vicinias
3140 5084 3382 5139 civitatis
3401 5086 3743 5148 Cremonae,
3769 5102 3870 5139 au·-

2252 5160 2521 5214 thoritate
2564 5162 2880 5227 praesentis
2925 5161 3120 5215 statuti
3158 5161 3231 5215 sit
3266 5169 3324 5215 et
3356 5178 3485 5215 esse
3532 5163 3869 5229 intelligatur

2254 5253 2433 5290 cassa.
2483 5238 2556 5290 Et
2590 5238 2751 5303 quod
2795 5255 2968 5304 super
3011 5255 3079 5291 ea
3115 5254 3343 5291 summa
3382 5255 3503 5294 non
3550 5240 3729 5306 possit
3772 5239 3867 5291 im-

2252 5314 2390 5379 poni
2427 5313 2662 5380 aliquod
2707 5314 2935 5367 fodrum
2958 5356 2971 5379 ,
3012 5330 3120 5368 nec
3152 5330 3485 5380 gravamen,
3524 5317 3682 5370 salvo
3716 5315 3868 5383 quod

2254 5406 2481 5445 summa
2530 5407 2807 5456 praesens
2851 5392 3175 5445 libellorum
3212 5392 3422 5446 habeat
3462 5394 3653 5447 locum
3686 5393 3865 5446 donec

2253 5467 2365 5521 alia
2403 5482 2633 5522 summa
2668 5467 2743 5520 de
2776 5484 2931 5521 novo
2964 5468 3112 5522 sacta
3146 5468 3334 5524 suerit.
