4050 6109
1095 256 1590 313 PROVVISIONI
1635 259 1890 311 DELLA
1935 260 2292 310 GABELLA
2338 261 2617 312 MAG-NA

3405 275 3524 336 147

3347 391 3370 398 ι.-
3383 391 3524 400 -η--α-

165 527 272 585 131.
319 543 404 552 -
458 498 644 584 1362,
691 526 842 568 nov.
915 527 972 579 2,
1048 506 1103 580 I,
1171 504 1216 569 l.
1292 506 1659 569 Cremonae
1727 502 1802 566 in

242 619 423 660 cons.
463 619 627 683 gen.
663 597 930 682 populi.
985 599 1052 672 C,
1111 617 1246 679 ¹15·

239 735 574 799 Provisio
620 735 941 818 gabellae
996 737 1184 818 quod
1253 735 1445 798 nulla
1500 753 1803 817 persona

164 831 416 893 audeat
506 831 624 893 vel
712 841 1112 911 praesumat
1199 828 1456 892 ducere
1551 847 1802 909 porcos

165 943 462 1005 magnos
540 925 658 986 vel
723 942 984 1004 parvos
1049 932 1253 986 extra
1325 921 1802 1002 episcopatum

161 1027 226 1080 et
269 1017 696 1080 districtum.

160 1243 276 1300 132.
327 1257 408 1270 —-
465 1242 650 1300 1302,
694 1221 783 1285 z‘a’.
827 1221 918 1285 id.
975 1222 1041 1291 C,
1098 1242 1235 1301 114.

241 1356 578 1419 Provisio
623 1356 948 1440 gabellae
986 1357 1178 1438 quod
1222 1352 1632 1429 communia,
1679 1374 1802 1436 po·

163 1459 474 1521 testateS,
523 1451 850 1513 consules
904 1460 1308 1522 castrorum,
1352 1451 1665 1512 locorum
1733 1459 1803 1512 et

161 1556 508 1606 terrarum
592 1544 1042 1625 episcopatus
1114 1554 1183 1607 et
1275 1543 1631 1608 districtus
1705 1554 1802 1605 te-

161 1647 457 1699 neantur
524 1637 706 1700 infra
771 1639 1014 1700 decem
1097 1636 1246 1700 dies
1324 1637 1655 1699 reducere
1730 1635 1801 1698 in

163 1731 444 1811 scriptis
492 1740 566 1794 et
610 1731 982 1814 designare
1015 1731 1448 1812 sapientibus
1493 1741 1563 1792 et
1593 1731 1801 1792 abba-

159 1825 344 1886 tibus
376 1843 632 1887 omnes
661 1825 1078 1897 habitanteS‚
1102 1823 1399 1886 familias
1425 1834 1494 1886 et
1523 1824 1799 1894 buccas,

163 1929 228 1980 et
279 1919 484 1998 quod
549 1937 794 1981 omnes
853 1927 1223 1982 teneantur
1283 1917 1381 1979 ita
1440 1937 1513 1979 se
1574 1915 1802 1980 facere

159 2012 370 2075 scribi
415 2023 500 2074 ut
529 2021 782 2092 postea
817 2011 1170 2092 sapientes
1199 2012 1288 2073 ad
1317 2011 1448 2073 hoc
1495 2011 1802 2093 eligendi

159 2104 540 2187 coaequari
584 2104 863 2186 possint
895 2104 1252 2167 civitatem
1297 2115 1367 2167 et
1412 2103 1803 2167 districtum

163 2199 230 2260 in
267 2198 846 2281 impositionibus
880 2198 1046 2262 salis
1075 2210 1146 2261 et
1175 2199 1558 2280 adiungere
1591 2217 1801 2280 quan-

161 2293 436 2356 titatem
485 2303 700 2374 prout
742 2291 915 2373 ipsis
957 2293 1322 2374 placuerit.

1899 511 2155 566 alliunde
2199 521 2391 579 parte,
2428 530 2605 581 quam
2658 515 2733 570 de
2784 515 2903 570 sale
2946 517 3171 584 gabelle
3208 520 3525 586 Cremone,

1901 589 2063 654 quod
2098 588 2507 644 redundaverit
2540 601 2600 646 et
2632 593 2917 648 redundat
2942 595 3001 648 in
3026 597 3343 650 maximum
3369 599 3531 652 daru-

1901 679 2082 730 pnum
2118 667 2381 720 comunis
2418 677 2478 721 et
2498 669 2723 736 gabelle
2758 671 3066 728 Cremone.
3108 673 3253 726 Ideo
3288 675 3527 730 habates

1900 749 1960 794 et
1993 743 2282 808 sapientes
2316 744 2561 811 gabelle,
2598 747 2697 812 qui
2734 747 2963 801 suerunt
3012 766 3255 803 numero
3296 752 3535 818 triginta

1901 827 2153 884 septem,
2192 821 2342 874 sacto
2377 821 2586 888 partito
2621 823 2768 877 inter
2802 840 2904 878 eos
2946 825 3022 878 ad
3060 826 3303 882 buxolas
3338 839 3395 883 et
3431 830 3529 884 ba-

1901 893 2068 957 lotas,
2105 896 2497 963 providerunt,
2528 907 2851 954 statuerunt
2884 910 2941 954 et
2964 901 3393 970 ordinaverunt,
3422 923 3540 972 pro-

1903 971 2147 1026 utilitate
2181 973 2435 1038 gabelle,
2472 974 2631 1041 quod
2676 977 2871 1029 omnia
2907 985 2963 1031 et
2998 978 3225 1044 singula
3258 984 3531 1037 comunia

1901 1056 1961 1101 et
1993 1065 2200 1102 omnes
2235 1058 2549 1115 potestates
2584 1060 2643 1105 et
2688 1053 2955 1106 consules
2990 1064 3305 1110 castrorum
3323 1098 3338 1123 ,
3376 1058 3529 1114 loco-

1901 1141 2032 1178 rum
2068 1126 2433 1192 episcopatus
2469 1136 2527 1180 et
2573 1127 2862 1183 districtus
2897 1131 3183 1186 Cremone
3226 1143 3531 1190 teneantur

1902 1211 1960 1254 et
1993 1202 2247 1256 debeant
2295 1202 2439 1256 infra
2489 1204 2693 1258 decem
2739 1205 2862 1259 dies
2906 1217 3037 1273 post
3079 1210 3533 1275 publicationem·

1901 1279 2185 1344 presentis
2221 1279 2599 1345 provvisionis
2634 1281 2906 1336 reducere
2942 1284 2999 1337 in
3034 1286 3259 1352 scriptis
3294 1296 3353 1341 et
3386 1289 3531 1342 infra

1901 1354 2121 1408 dictum
2156 1356 2465 1410 terminum
2500 1357 2639 1412 dare
2674 1367 2733 1412 et
2756 1359 3060 1427 designare
3094 1362 3152 1415 in
3185 1365 3409 1430 scriptis
3433 1367 3531 1420 ha-

1901 1431 2133 1486 batibus
2200 1443 2259 1488 et
2326 1433 2682 1500 sapientibus
2738 1436 2963 1502 gabelle
3020 1454 3224 1492 omnes
3284 1441 3525 1494 familias

1901 1510 2163 1562 omnium
2198 1518 2259 1563 et
2292 1525 2665 1576 personarum
2710 1511 2962 1579 ipsorum
3000 1514 3279 1579 locorum,
3318 1527 3529 1572 castro-

1901 1601 2029 1639 rum
2066 1594 2125 1640 et
2150 1595 2425 1640 terrarum
2461 1594 2521 1641 et
2554 1603 2759 1641 omnes
2782 1589 2959 1643 bucas
2996 1599 3052 1644 et
3072 1607 3349 1656 personas
3384 1595 3530 1661 ipsa·

1902 1679 2031 1716 rum
2065 1663 2429 1724 familiarum,
2466 1663 2883 1732 cuiuscumque
2919 1667 3265 1722 conditionis
3302 1671 3433 1732 sint,
3472 1681 3531 1726 et

1901 1755 2107 1793 omnes
2142 1739 2383 1792 familias
2406 1749 2465 1793 et
2486 1756 2763 1807 personas
2790 1743 3091 1797 nobillium
3128 1745 3371 1801 civitatis
3395 1749 3537 1806 Cre-.

1901 1832 2077 1869 mone
2114 1815 2492 1870 habitantium
2529 1831 2661 1870 cum
2686 1833 2887 1872 eorum
2914 1819 3142 1874 familiis
3176 1823 3448 1878 continue
3472 1826 3531 1878 in

1901 1893 2101 1947 castris
2136 1893 2226 1946 vel
2252 1893 2391 1946 locis
2414 1909 2515 1946 seu
2544 1894 2707 1947 terris
2732 1895 3011 1961 ipsorum,
3039 1907 3099 1952 et
3122 1900 3279 1966 quod
3306 1900 3353 1953 si
3379 1902 3531 1956 dicta

1901 1969 2251 2031 communia,
2292 1979 2605 2036 potestates
2627 1987 2731 2024 seu
2766 1973 3033 2026 consules
3058 1974 3343 2029 dictorum
3381 1978 3535 2032 loco·

1901 2063 2030 2099 rum
2066 2063 2169 2100 seu
2207 2056 2485 2100 terrarum
2525 2063 2640 2101 non
2676 2047 3058 2103 adtenderent
3093 2059 3151 2104 et
3186 2068 3302 2105 non
3337 2056 3535 2108 obser-

1901 2123 2159 2176 vaverint
2194 2124 2576 2190 suprascripta
2618 2125 3119 2191 condempnentur
3155 2137 3212 2181 et
3258 2131 3534 2184 condem-

1901 2201 2065 2266 pnari
2100 2199 2351 2254 debeant
2398 2217 2501 2266 per
2534 2201 2734 2256 abates
2768 2201 3021 2267 gabelle,
3060 2205 3159 2269 qui
3211 2221 3363 2260 nunc
3400 2215 3535 2262 sunt

1901 2285 1960 2330 et
1994 2293 2101 2343 pro
2135 2277 2495 2344 temporibus
2528 2288 2716 2340 erunt,
2756 2278 2897 2332 infra
2934 2281 3175 2334 tercium
3210 2281 3363 2336 diem
3402 2293 3535 2350 post

1901 2354 2210 2408 terminum
2263 2353 2549 2408 dictorum
2600 2355 2803 2409 decem
2854 2357 3109 2420 dierum,
3165 2359 3287 2412 sine
3339 2359 3533 2427 aliqua

1901 2429 2338 2492 ammonitione,
2378 2432 2431 2484 in
2470 2432 2890 2500 quinquaginta
2926 2433 3097 2488 libras
3128 2435 3325 2502 imper.
3352 2436 3534 2492 silicet

225 2508 292 2560 In
330 2505 544 2574 primis
581 2506 656 2558 D.
689 2504 986 2558 Nicolinus
1009 2505 1084 2558 de
1109 2504 1364 2568 Duxin0,
1389 2505 1530 2558 abas
1563 2531 1632 2544 -
1657 2505 1804 2557 Item
1901 2507 2203 2574 quodlibet
2226 2523 2473 2560 comune
2497 2507 2783 2562 dictorum
2806 2517 3124 2564 castrorum
3150 2521 3209 2564 et
3232 2515 3535 2579 quodlibet

165 2585 235 2637 D.
277 2583 622 2638 Iacominus
657 2582 734 2636 de
762 2582 1008 2635 Runcho
1034 2611 1102 2620 —
1127 2583 1272 2635 Item
1301 2583 1375 2634 D.
1399 2581 1676 2634 Albertus
1700 2582 1807 2633 Ca-

159 2662 396 2714 rexinus
433 2689 506 2700 —
541 2661 692 2714 Item
733 2661 806 2714 D.
849 2659 1185 2726 Raynoldus
1218 2658 1292 2712 de
1331 2658 1520 2712 Lincis
1552 2687 1621 2696 —
1659 2659 1806 2712 Item

163 2740 230 2791 D.
271 2737 528 2804 Egidius
563 2737 640 2790 de
679 2737 1022 2802 Bagnarollo
1056 2767 1111 2774 —
1153 2736 1300 2788 Item
1339 2737 1410 2788 D.
1443 2735 1806 2800 Boninsegna

159 2815 228 2868 de
265 2814 719 2867 Columbarollo
757 2842 820 2852 —
857 2813 1004 2866 Item
1045 2815 1118 2876 D,
1157 2813 1504 2866 Francescus
1539 2811 1614 2864 de
1652 2813 1806 2864 Gua-

160 2892 412 2944 zonibus
446 2919 518 2929 —
553 2891 704 2942 Item
742 2890 818 2941 D.
858 2887 1174 2956 Ognadeus
1212 2887 1403 2940 Zuffus
1437 2917 1506 2926 —
1543 2889 1691 2941 Item
1729 2887 1803 2940 D.

161 2971 482 3023 Axandrus
517 2968 594 3021 de
630 2968 888 3019 Contaro
933 2993 1002 3004 —
1039 2967 1184 3019 Item
1224 2964 1296 3017 D.
1339 2965 1694 3018 Bonominus
1729 2966 1804 3019 de

1901 2599 2151 2637 comune
2186 2584 2444 2636 locorum
2481 2600 2583 2637 seu
2614 2593 2894 2639 terrarum
2920 2585 3209 2640 districtus
3244 2589 3533 2644 Cremone

1901 2661 1960 2714 in
1996 2661 2193 2727 viginti
2230 2660 2387 2714 libris
2436 2661 2571 2726 imp.
2606 2668 2667 2714 et
2712 2661 2955 2728 quilibet
2988 2673 3244 2729 potestas
3278 2665 3533 2732 ipsorum

1853 2787 1858 2801 ,
1901 2747 2219 2792 castrorum
2256 2737 2311 2790 in
2348 2738 2549 2804 viginti
2584 2738 2844 2806 quinque
2878 2739 3037 2792 libris
3074 2741 3213 2807 imp.
3250 2743 3327 2795 de
3362 2760 3533 2798 avere

1853 2870 1858 2897 Ι
1901 2814 2137 2880 proprio
2172 2813 2465 2881 ipsorum,
2502 2823 2561 2867 et
2596 2815 2839 2882 quilibet
2873 2818 3072 2870 consul
3110 2818 3396 2873 dictorum
3442 2837 3534 2874 ca-

1853 2912 1858 2921 ·
1902 2897 2151 2942 strorum
2208 2891 2261 2942 in
2317 2890 2521 2944 decem
2571 2891 2725 2944 libris
2776 2893 2913 2959 imp.
2954 2893 3028 2945 de
3080 2895 3316 2960 proprio
3361 2913 3531 2950 avere

1901 2983 2123 3030 eorum,
2163 2975 2221 3020 et
2256 2967 2497 3034 quilibet
2530 2977 2785 3034 potestas
2822 2969 3075 3022 locorum
3112 2987 3215 3022 seu
3253 2980 3529 3028 terrarum

163 3047 440 3100 Bonardo
479 3075 547 3083 —
584 3045 734 3098 Item
774 3043 848 3096 D.
889 3045 1191 3096 Bonzanus
1225 3042 1300 3095 de
1334 3044 1516 3094 Somo
1551 3073 1619 3081 —
1657 3044 1802 3096 Item
1853 3016 1858 3093 Ι
1902 3045 2269 3110 episcopatus
2316 3045 2604 3098 Cremone
2654 3045 2709 3098 in
2764 3046 2969 3100 decem
3022 3035 3179 3100 libris
3232 3047 3434 3114 imper.
3472 3059 3530 3104 et

163 3125 230 3176 D.
269 3121 642 3176 Abraminus
677 3119 1015 3173 Vedriarius
1051 3149 1116 3157 —
1155 3120 1298 3171 Item
1339 3119 1410 3172 D.
1440 3118 1803 3186 Guglielmus
1901 3121 2147 3188 quilibet
2188 3121 2386 3175 consul
2436 3121 2693 3187 ipsorum
2740 3121 2999 3176 locorum
3052 3132 3113 3177 et
3156 3133 3437 3179 terrarum
3473 3126 3531 3180 in

159 3201 228 3252 de
253 3200 558 3253 Sclacchis
587 3226 654 3235 —
681 3198 830 3250 Item
869 3197 942 3249 D.
973 3195 1270 3248 Nicolinus
1303 3196 1378 3248 de
1405 3195 1803 3249 Bonbeccariis

1900 3207 2134 3250 centum
2172 3195 2348 3250 soldis
2372 3197 2575 3263 imper.
2600 3197 2807 3251 dandis
2842 3207 2901 3251 et
2925 3200 3217 3254 solvendis
3256 3203 3531 3256 massario

161 3305 214 3316 -
257 3277 418 3330 Item
455 3275 534 3328 D.
575 3274 810 3327 Belinus
844 3273 920 3326 de
955 3271 1314 3336 Cagavetelis
1337 3301 1400 3312 —
1431 3274 1578 3326 Item
1617 3275 1689 3326 D.
1719 3272 1804 3325 Zi-
1852 3252 1856 3351 fl
1900 3274 2146 3340 gabelle,
2184 3282 2242 3326 et
2277 3272 2435 3340 quod
2472 3274 2712 3326 habates
2746 3284 2806 3327 et
2840 3275 3130 3340 sapientes
3158 3278 3402 3343 gabelle,
3430 3279 3531 3346 qui

159 3353 326 3406 liolus
365 3352 446 3404 de
483 3349 720 3416 Alegris
752 3379 824 3389 —
859 3350 1004 3403 Item
1038 3351 1111 3401 D.
1138 3348 1470 3402 Andraolus
1503 3349 1578 3401 de
1603 3350 1804 3402 Grecis
1851 3362 1856 3387 ¹
1901 3367 2055 3404 nunc
2089 3359 2224 3404 sunt
2258 3359 2316 3404 et
2350 3366 2457 3417 pro
2492 3351 2851 3416 temporibus
2886 3361 3083 3414 erunt,
3122 3363 3425 3408 teneantur
3473 3365 3531 3410 et

157 3459 224 3468 —
259 3430 418 3483 Item
457 3429 535 3481 D.
577 3429 834 3480 Ottonus
877 3427 952 3479 de
992 3425 1308 3486 NatalibuS,
1348 3426 1488 3478 abas
1535 3455 1602 3464 --
1653 3426 1802 3479 Item
1901 3427 2155 3481 debeant
2190 3429 2341 3493 ipsas
2374 3426 2887 3480 condemnationes
2922 3429 3114 3482 exiere
3150 3430 3294 3482 infra
3328 3431 3530 3486 decem

163 3507 230 3557 D.
273 3506 634 3558 Zanebonus
686 3504 864 3556 Testa
913 3533 982 3540 —
1037 3503 1184 3556 Item
1239 3501 1312 3553 D.
1355 3501 1674 3554 Bernardus
1727 3503 1802 3556 de
1902 3503 2057 3567 dies,
2096 3513 2405 3570 postquam
2454 3504 2577 3569 ipse
2612 3503 3129 3558 condamnationes
3176 3506 3384 3560 fuerint
3420 3523 3531 3574 pu-

163 3583 410 3649 Regona
445 3611 515 3620 -
555 3581 705 3634 Item
745 3581 818 3632 D.
858 3579 1119 3632 Coradus
1155 3577 1230 3630 de
1268 3578 1515 3631 Micariis
1549 3605 1618 3617 --
1655 3581 1799 3632 Item
1852 3570 1857 3667 Ι
1901 3581 2147 3644 blicate,
2202 3589 2261 3634 et
2323 3579 2483 3647 quod
2555 3596 2759 3634 omnes
2826 3581 3091 3634 homines
3159 3591 3218 3635 et
3286 3599 3529 3649 persone

163 3661 231 3712 D.
271 3657 618 3724 Paganinus
667 3657 743 3710 de
798 3655 1029 3721 Crespis
1081 3685 1146 3694 —
1202 3655 1348 3707 Item
1409 3656 1480 3707 D.
1537 3655 1802 3709 Duxinus
1852 3672 1857 3721 ς
1900 3666 2119 3712 stantes
2153 3665 2211 3711 et
2256 3657 2581 3711 habitantes
2628 3657 2806 3710 modo
2842 3658 3100 3724 predicto
3134 3659 3193 3710 in
3240 3659 3407 3712 dictis
3441 3677 3533 3715 ca-

163 3736 448 3789 Zuchelus
503 3763 576 3774 -—
631 3735 779 3786 Item
821 3731 893 3786 D.
935 3734 1134 3786 Petrus
1168 3731 1244 3786 de
1285 3732 1486 3784 Contis
1532 3761 1602 3772 -
1655 3733 1802 3786 Item
1853 3728 1858 3791 Ι
1901 3735 2051 3795 stris,
2089 3734 2229 3786 locis
2282 3749 2386 3786 seu
2440 3734 2605 3787 terris
2654 3742 2960 3788 teneantur
3013 3735 3199 3788 facere
3250 3752 3314 3788 se
3362 3737 3530 3791 scribi

163 3815 231 3866 D.
269 3811 714 3878 Guglielminus
763 3809 838 3862 de
884 3809 1083 3862 Contis
1117 3807 1258 3862 abas
1287 3837 1354 3846 —
1393 3809 1539 3862 Item
1579 3811 1652 3862 D.
1694 3810 1805 3862 Lu·
1852 3796 1858 3825 ⁸
1900 3811 2312 3877 potestatibuS,
2351 3809 2685 3864 consulibus
2731 3810 3017 3864 dictorum
3064 3822 3411 3876 castrorum,
3450 3815 3531 3869 lo·

161 3891 364 3942 chinus
399 3889 480 3942 de
519 3886 810 3940 Bonseriis
845 3915 908 3923 -—-
948 3886 1092 3938 Item
1133 3887 1204 3939 D.
1242 3885 1525 3938 Cabrinus
1561 3885 1634 3938 de
1674 3886 1803 3939 Piro
1853 3893 1858 3909 ¹
1900 3903 2101 3940 corum
2138 3903 2238 3940 seu
2288 3895 2569 3940 terrarum
2622 3903 2725 3940 seu
2778 3903 2973 3940 coram
3010 3889 3317 3944 habatibus
3352 3901 3411 3945 et
3444 3909 3530 3946 sa-

162 3967 400 4019 —Item
431 3966 511 4017 D.
538 3961 873 4029 Ragnaldus
899 3961 974 4014 de
1000 3961 1288 4028 Ardengis
1311 3963 1551 4014 —Item
1581 3963 1652 4014 D.
1686 3963 1804 4014 Ma-
1853 3984 1856 3994 ·
1901 3962 2192 4029 pientibus
2226 3962 2470 4030 gabelle,
2511 3963 2652 4015 infra
2688 3963 2997 4016 terminum
3034 3965 3179 4018 infra
3215 3966 3435 4028 datum,
3472 3978 3531 4022 et

163 4043 318 4095 rinus
355 4042 434 4095 de
473 4041 730 4100 Habate,
767 4038 910 4091 abas
943 4067 1012 4076 —-
1054 4039 1198 4091 Item
1237 4039 1310 4092 D.
1353 4037 1524 4091 Zilius
1559 4037 1634 4092 de
1673 4039 1804 4091 Bre-
1901 4039 2064 4106 quod
2100 4039 2147 4092 si
2184 4038 2241 4092 in
2276 4039 2546 4105 predictis
2594 4039 2803 4092 suerint
2850 4041 3211 4107 negligentes
3258 4043 3533 4096 condam-

165 4119 328 4172 dellis
379 4147 452 4158 —-
509 4119 660 4170 Item
712 4116 786 4168 D.
825 4115 1053 4168 Marcus
1098 4115 1172 4168 de
1221 4115 1496 4168 Bredellis
1537 4145 1609 4155 —
1655 4117 1800 4170 Item
1900 4125 2151 4182 pnentur
2186 4131 2289 4182 pro
2314 4116 2577 4182 quolibet
2603 4132 2804 4169 eorum
2832 4117 2887 4169 iu
2913 4118 3117 4170 decem
3142 4119 3298 4172 libris
3325 4119 3525 4186 imper.

169 4197 235 4249 D.
273 4194 624 4249 Simoninus
659 4192 734 4245 de
770 4193 1022 4246 Acereto
1055 4223 1123 4231 —
1163 4193 1308 4246 Item
1349 4194 1420 4244 D.
1451 4193 1691 4245 Enricus
1728 4192 1802 4244 de
1901 4203 1958 4246 et
1994 4191 2154 4260 quod
2188 4193 2363 4246 etiam
2399 4194 2482 4246 eis
2518 4209 2623 4246 nec
2658 4193 2827 4246 alicui
2861 4209 3066 4248 eorum
3109 4194 3341 4248 redetur
3386 4197 3531 4250 ratio

167 4273 342 4324 Moris
377 4301 448 4310 —
487 4271 640 4324 Item
679 4269 753 4323 D.
784 4267 1140 4322 Clerichinus
1163 4268 1237 4322 de
1263 4269 1527 4321 Ansoldo
1562 4269 1801 4322 —Item
1853 4288 1856 4311 ι
1899 4286 2003 4335 per
2037 4285 2285 4322 comune
2319 4285 2424 4322 seu
2462 4269 2741 4336 populum
2780 4271 3086 4323 Cremone.
3140 4272 3329 4324 Factis
3364 4273 3529 4325 dictis

167 4349 234 4400 D.
264 4350 564 4402 Iohannes
601 4347 676 4400 de
704 4345 1090 4399 Ronchariolo
1125 4341 1193 4383 ‘—
1230 4347 1375 4398 Item
1415 4347 1488 4397 D.
1521 4346 1802 4399 Usbertus
1851 4317 1856 4411 i
1899 4345 2429 4412 consignationibus
2464 4356 2522 4399 et
2557 4346 2706 4400 datis
2730 4346 2897 4398 dictis
2926 4346 3151 4400 familiis
3188 4357 3245 4400 et
3270 4349 3532 4414 personis

169 4427 388 4479 Foliata
421 4455 492 4464 —
534 4424 682 4477 Item
721 4423 798 4476 D.
839 4423 1212 4476 Montaninus
1246 4421 1320 4474 de
1359 4422 1628 4476 Vassalis.
1851 4418 1856 4437 ¹
1901 4423 1958 4476 in
2009 4422 2253 4489 scriptiS,
2290 4431 2588 4490 presentes
2638 4423 3023 4490 gabellatores
3074 4434 3133 4478 et
3178 4441 3381 4478 eorum
3432 4428 3529 4480 ha·

227 4505 382 4556 Cum
435 4500 752 4556 habatibus
803 4510 861 4554 et
907 4499 1262 4565 sapientibus
1313 4499 1537 4564 gabelle
1589 4515 1800 4566 magne

163 4581 454 4634 Cremone
491 4578 711 4646 pluries
735 4576 953 4648 dictum
979 4575 1165 4638 suerit,
1203 4575 1362 4642 quod
1398 4592 1499 4641 per
1536 4576 1800 4630 homines

163 4666 218 4710 et
251 4671 540 4724 personas
575 4655 944 4721 episcopatus
991 4661 1050 4706 et
1084 4651 1373 4706 districtus
1407 4653 1696 4706 Cremone
1742 4663 1800 4707 et

163 4735 440 4787 continue
475 4740 698 4785 stantes
733 4739 793 4784 et
816 4730 1140 4783 habitantes
1175 4745 1309 4782 cum
1333 4745 1535 4782 eorum
1572 4730 1800 4784 familiis

163 4811 218 4862 in
252 4811 415 4864 dicto
437 4809 781 4875 episcopatu
809 4815 868 4860 et
891 4806 1150 4860 districtu
1176 4806 1386 4860 emitur
1409 4815 1467 4860 et
1490 4807 1622 4860 hinc
1649 4817 1800 4860 retro

164 4897 386 4941 emtum
424 4887 500 4940 sit
553 4886 676 4939 sale
711 4902 746 4938 a
780 4884 1138 4949 portantibus
1185 4882 1270 4936 sal
1319 4899 1426 4950 pro
1469 4884 1798 4944 vendende,

159 4977 362 5021 contra
395 4965 647 5018 sormam
682 4969 1023 5014 statutorum
1047 4960 1308 5014 comunis
1341 4968 1400 5013 et
1425 4960 1641 5026 populli
1667 4961 1802 5013 Cre-

165 5060 336 5096 mone
373 5050 434 5095 et
466 5039 698 5107 gabelle
722 5039 1031 5101 Cremone,
1069 5053 1174 5104 per
1198 5037 1595 5103 episcopatum
1634 5047 1690 5090 et
1718 5037 1801 5089 di-

161 5119 424 5173 strictum
462 5119 772 5179 Cremone,
811 5131 947 5168 cum
983 5114 1145 5181 quod
1179 5130 1297 5167 non
1332 5112 1504 5166 datur
1538 5129 1643 5166 nec
1667 5113 1800 5166 hinc

163 5208 314 5250 retro
351 5195 626 5249 suficiens
661 5192 954 5259 quantitas
997 5191 1131 5244 salis
1165 5191 1300 5244 data
1335 5199 1424 5242 est
1456 5190 1801 5244 comunibus

166 5273 428 5326 locorum
463 5281 524 5325 et
558 5279 842 5325 terrarum
877 5267 1246 5334 episcopatus
1291 5267 1599 5328 Cremone,
1637 5267 1801 5320 cuius

163 5351 470 5404 ocoesione
505 5346 774 5402 comunia
811 5355 871 5399 et
906 5345 1166 5398 homines
1207 5343 1492 5396 dictorum
1543 5343 1800 5396 locorum

165 5435 222 5478 et
257 5426 530 5480 homines
565 5431 626 5476 et
657 5437 938 5489 personas
963 5421 1286 5476 habitantes
1309 5421 1366 5474 in
1389 5421 1474 5472 eis
1495 5428 1697 5474 emunt
1719 5420 1804 5472 sal

1899 4501 2063 4554 bates
2115 4508 2418 4555 teneantur
2475 4500 2852 4554 incontinenti
2920 4509 3117 4566 portas
3176 4502 3420 4556 civitatis
3472 4513 3530 4556 et

1897 4577 2189 4631 districtus
2225 4578 2511 4630 Cremone
2546 4577 2604 4630 in
2649 4577 3115 4642 impositionibus
3162 4578 3297 4630 salis
3345 4579 3530 4634 facere

1898 4654 2171 4722 coequari
2220 4671 2321 4720 per
2374 4653 2663 4720 sapientes
2698 4654 2771 4706 ad
2808 4655 2918 4706 hoc
2966 4653 3293 4719 eligendos,
3330 4671 3530 4709 secun-

1899 4731 2039 4784 dum
2076 4729 2233 4797 quod
2271 4730 2353 4783 eis
2392 4730 2597 4783 melius
2640 4738 2697 4782 et
2731 4730 2941 4795 equius
2990 4730 3277 4783 videbitur
3324 4748 3529 4785 conve-

1899 4808 2040 4869 nire,
2080 4816 2138 4860 et
2172 4806 2487 4872 adiungere
2523 4816 2582 4860 et
2614 4806 2853 4872 adiungi
2900 4807 3087 4860 facere
3123 4809 3527 4861 communibus

1898 4893 2217 4937 castrorum
2242 4923 2255 4946 ,
2310 4885 2568 4936 locorum
2622 4891 2681 4936 et
2738 4891 3021 4936 terrarum
3080 4892 3141 4937 et
3200 4884 3529 4937 hominibus

1899 4961 2153 5026 ipsorum
2192 4959 2557 5026 episcopatus
2592 4967 2651 5012 et
2685 4958 2975 5013 districtus
3011 4961 3299 5012 Cremone
3336 4959 3391 5012 in
3427 4961 3529 5014 im-

1899 5037 2281 5103 positionibus
2316 5037 2447 5090 salis
2484 5036 2741 5102 ipsorum
2778 5035 2931 5089 illam
2966 5037 3347 5104 quantitatem
3374 5036 3525 5099 saliS,

1902 5115 2047 5168 ultra
2082 5114 2237 5167 illam
2281 5113 2661 5182 quantitatem
2710 5114 2869 5180 quod
2916 5114 3088 5168 soluti
3123 5123 3287 5174 sunt,
3338 5123 3397 5167 et
3430 5114 3528 5168 de-

1900 5191 2075 5243 beant
2108 5190 2365 5255 accipere
2400 5199 2574 5254 prout
2611 5190 2775 5243 dictis
2822 5190 3178 5256 sapientibus
3216 5191 3525 5255 placuerit,

1899 5275 1958 5318 et
1993 5265 2151 5332 quod
2188 5265 2537 5332 quantitates
2572 5283 2690 5334 que
2736 5266 3153 5332 adiungentur,
3193 5275 3251 5320 et
3286 5266 3532 5320 adantur

1899 5352 1958 5395 et
1991 5341 2311 5395 scribantur
2345 5343 2402 5395 in
2448 5343 2907 5410 impositionibus
2958 5343 3092 5396 salis
3145 5350 3203 5397 et
3256 5344 3312 5396 in
3371 5343 3529 5396 libris

1901 5418 2159 5486 ipsorum
2216 5417 2651 5486 impositionum
2705 5419 3067 5488 episcopatus
3125 5429 3184 5474 et
3240 5419 3531 5474 districtus
