4050 6109
533 321 563 364 1
581 305 661 366 66
1547 311 1816 365 comcE
1861 307 2383 361 D1PL0MAT1co
2426 310 2883 362 CREMONESE

533 559 776 642 drapis
821 563 910 642 (v.
957 579 1019 622 a.
1073 579 1250 637 1310,
1299 577 1445 638 apr.
1497 556 1597 636 25)
1640 556 1894 618 habeat
1935 555 2165 616 locum
2214 477 2220 597 Ι
2268 554 2431 615 beat
2471 573 2601 635 pro
2647 574 2723 617 se
2768 565 2837 617 et
2882 554 3075 617 socio
3120 575 3247 618 suo
3291 555 3505 619 fratre
3548 567 3617 618 et
3678 560 3889 640 servi-¹

533 664 804 718 tantum
836 673 877 714 a
904 652 1224 715 kalendis
1263 651 1544 734 augusti
1577 648 1940 732 proximiS,
1975 649 2167 710 dum·
2214 642 2219 697 Ι
2266 655 2418 709 1010
2466 667 2500 724 3
2549 647 2722 710 sold.
2768 649 3011 730 imper.
3058 659 3127 712 et
3173 648 3536 712 dimidium
3570 670 3695 730 pro
3732 673 3881 736 quo·

533 748 744 809 modo
787 749 960 809 haec
995 745 1438 828 perlongatio
1483 743 1828 826 placuerit
1873 742 2166 804 consilio
2214 706 2219 777 Ι
2266 739 2438 803 libet
2466 740 2598 815 die,
2632 754 2701 804 et
2729 741 2954 823 possit
2982 743 3169 806 bona
3198 741 3338 805 fide
3368 755 3437 808 et
3466 745 3617 807 sine
3650 745 3881 812 fraude

535 840 852 922 generali
908 838 1173 921 populi.
1217 839 1391 903 Item
1452 837 1644 920 quod
1703 846 2002 919 quatuor
2046 855 2166 917 ga·
2214 810 2219 877 3
2267 832 2495 896 facere
2538 833 2671 898 sibi
2716 845 2787 898 et
2830 836 3023 900 socio
3070 847 3140 899 et
3170 837 3493 901 servitori
3526 849 3597 900 et
3625 841 3881 903 notario

530 934 907 998 bellatores
952 944 1020 996 et
1048 934 1189 995 duo
1227 931 1702 994 cavalcatores
1733 940 1802 992 et
1848 930 1987 991 duo
2018 947 2165 992 001-
2214 958 2219 1035 Ι
2267 947 2615 1009 expensas
2673 931 3003 992 comodas
3060 930 3199 994 cibi
3256 940 3327 993 et
3376 942 3587 1013 potus
3644 934 3729 995 de
3788 934 3883 996 in·

533 1027 698 1092 rerii
743 1027 844 1090 ire
890 1027 1186 1090 debeant
1234 1046 1361 1107 per
1405 1024 1908 1106 episcopatum,
1956 1041 2169 1085 causa
2264 1021 2590 1086 troitibus
2633 1023 2891 1105 pontis,

534 1119 957 1204 pignorandi
987 1119 1382 1184 communia
1412 1129 1483 1182 et
1513 1118 1838 1180 consules
1867 1117 1985 1198 qui
2023 1135 2165 1178 non
2212 1124 2219 1225 ἰ

531 1224 955 1295 acceperunt
1000 1213 1483 1294 impositiones
1525 1210 1692 1274 salis
1733 1223 1803 1272 et
1847 1229 1986 1272 non
2032 1208 2165 1272 sol·

531 1319 787 1371 verunt
851 1305 1464 1370 condemnationes
1521 1304 1770 1378 factas,
1833 1303 2165 1384 expensis

531 1402 1026 1470 communium,
1043 1410 1114 1463 et
1127 1401 1432 1464 habeant
1450 1399 1920 1554 fabellaitores
1949 1418 2022 1460 10
2040 1398 2164 1464 sol.
2212 1446 2217 1461 .

1538 1513 1572 1571 3
1628 1513 1706 1555 so
1737 1540 1753 1554 .
1816 1511 1946 1573 pro
1999 1511 2165 1574 qua·
2212 1530 2217 1549 .

529 1495 1009 1558 cavalcatores
1071 1503 1142 1556 et
1185 1492 1444 1556 correri

531 1587 706 1652 libet
751 1586 882 1650 die.

527 1793 667 1852 239.
717 1808 792 1818 --
849 1792 1028 1849 1310,
1075 1769 1252 1834 mad.
1297 1770 1409 1834 vel
1447 1769 1613 1843 iun„
1664 1769 1854 1845 VIII,
1903 1770 2165 1835 Cremo·
2212 1788 2216 1799 ·

617 1887 764 1929 nae.
821 1867 890 1930 C.
940 1884 1081 1945 235.

2268 1227 2401 1286 242.
2448 1244 2533 1255 —
2585 1228 2763 1287 1310,
2809 1207 2929 1272 iul.
2980 1230 3080 1284 21,
3125 1209 3171 1272 l.
3213 1216 3423 1294 super
3466 1209 3658 1274 domo
3680 1211 3885 1296 gobel.

2350 1305 2419 1366 et
2456 1300 2578 1365 iul.
2628 1321 2705 1382 25
2750 1303 2795 1366 l.
2838 1308 3049 1386 super
3082 1302 3343 1386 palatio
3388 1303 3464 1366 in
3508 1325 3685 1369 cons.
3734 1327 3885 1390 gen.

2338 1395 2602 1480 populi.
2660 1397 2728 1468 C,
2780 1402 2921 1474 238.

2348 1531 2797 1604 Ρ1ον13101103
2820 1535 3138 1616 gabellae
3160 1545 3448 1616 propter
3474 1535 3885 1615 paucitatem

2264 1625 2431 1698 vini,
2463 1645 2645 1707 quae
2688 1626 3074 1690 intenditur
3118 1628 3189 1691 in
3232 1648 3417 1690 anno
3460 1627 3695 1692 futuro
3740 1649 3883 1692 esse

2263 1719 2335 1781 in
2400 1719 2687 1783 civitate
2754 1731 2824 1783 et
2890 1721 3208 1784 districtu
3264 1735 3335 1784 et
3378 1721 3449 1784 in
3494 1721 3887 1786 civitatibus

2264 1811 2899 1890 circumstantibuS,
2945 1816 3137 1897 quod
3180 1816 3475 1898 quilibet
3518 1816 3746 1898 possit
3774 1836 3886 1880 un-

2263 1906 2654 1990 decumque
2698 1909 2955 1972 ducere
3002 1909 3240 1972 vinum
3286 1909 3562 1973 forense
3609 1912 3700 1972 ad
3730 1909 3885 1974 civi·

615 2002 938 2065 Provisio
998 2001 1314 2084 gabellae
1379 2001 1569 2083 quod
1635 2001 1886 2064 debeat
1953 1999 2164 2064 vendi
2262 2009 2477 2064 tatem
2520 2001 2861 2065 solvendo
2906 2023 2941 2080 3
2986 2004 3221 2066 soldos
3263 2003 3507 2085 imper.
3552 2023 3683 2086 pro
3728 2025 3885 2085 quo·

531 2096 812 2159 dacium
881 2105 1186 2158 rotarum
1267 2093 1640 2156 feratarum
1705 2114 1833 2176 per
1889 2103 2160 2157 tantum

533 2201 812 2271 tempus
875 2189 1066 2270 quod
1125 2187 1349 2269 possit
1403 2185 1553 2250 fieri
1614 2187 1870 2251 solutio
1921 2187 2165 2249 heredi

533 2283 840 2346 Simonis
873 2285 958 2344 de
983 2282 1472 2363 Vigoarcemis
1508 2282 1594 2343 de
1628 2281 1765 2344 illis
1806 2302 1922 2343 100
1964 2281 2163 2344 libris

531 2377 776 2458 imper.
823 2397 998 2457 quas
1044 2375 1254 2438 debet
1288 2376 1546 2438 habere
1588 2394 1716 2455 per
1744 2383 2163 2457 potestatem

533 2469 918 2534 Cremonae
961 2469 1034 2532 in
1079 2490 1218 2551 qua
1260 2467 1392 2532 fuit
1434 2468 1726 2543 electus,
1787 2479 1857 2532 et
1921 2467 2164 2531 heredi

537 2563 904 2628 Cabriellis
959 2562 1047 2625 de
1109 2561 1411 2626 Oxeleto
1470 2564 1556 2625 de
1601 2562 1754 2624 aliis
1807 2581 1924 2626 100
1965 2561 2163 2626 libris

531 2656 790 2740 quibus
856 2657 1276 2738 represaliae
1333 2665 1496 2720 sunt
1553 2668 1797 2719 0011110
1846 2656 2164 2718 homines

531 2751 935 2816 Cremonae.

533 2965 670 3024 240.
713 2981 800 2992 —
851 2965 1029 3023 1310,
1075 2942 1196 3007 iul.
1253 2965 1346 3016 10,
1392 2944 1436 3007 l.
1479 2950 1690 3027 super
1732 2942 1923 3007 domo
1946 2941 2161 3026 gabel.

617 3043 688 3102 et
717 3059 792 3101 22
841 3044 1050 3122 super
1084 3036 1346 3120 palatio
1392 3037 1466 3101 in
1511 3058 1687 3101 cons.
1725 3057 1884 3122 gen.
1929 3057 2159 3099 comm.

621 3133 1010 3197 Cremonae.
1065 3131 1133 3206 C,
1183 3136 1326 3210 236.

615 3269 1067 3332 Provisiones
1121 3267 1440 3350 gabellae
1499 3269 1691 3350 quod
1749 3267 1849 3330 illi
1921 3288 1988 3330 12
2048 3268 2160 3330 de-

529 3363 710 3429 narii
756 3361 967 3444 positi
1014 3381 1225 3443 super
1269 3361 1585 3442 quolibet
1629 3361 1939 3425 sextario
1977 3362 2160 3436 30113,

530 3455 700 3518 011111
745 3455 1038 3540 obligati
1083 3455 1438 3519 Iacomino
1481 3455 1568 3518 de
1613 3455 1875 3530 Gadio,
1922 3475 2162 3518 conce-

529 3551 804 3624 dantur,
851 3571 944 3613 ex
986 3549 1478 3614 reformatione
1511 3549 1782 3612 consilii
1813 3550 2163 3632 generalis

527 3643 794 3725 populi,
861 3643 1194 3706 massario
1261 3645 1495 3726 pontis
1559 3643 1733 3706 Padi
1798 3664 1927 3725 pro
1991 3644 2162 3706 refe-

529 3737 762 3800 ctione
807 3748 876 3800 01
920 3737 1415 3800 constitutione
1450 3737 1621 3800 dicti
1649 3739 1904 3819 9011113,
1942 3759 2165 3820 usque

530 3831 622 3892 ad
666 3849 880 3894 unum
925 3852 1202 3894 annum.
1248 3831 1422 3894 Item
1456 3832 1647 3913 quod
1683 3841 2028 3914 augeatur
2058 3853 2165 3894 so-

527 3925 703 3988 lutio
727 3924 1045 3988 facienda
1067 3923 1352 3990 notariis
1376 3923 1814 3988 tubatoribus
1839 3937 1907 3989 et
1938 3945 2165 3988 corre·

527 4019 653 4082 riis
711 4019 910 4081 ituris
969 4019 1059 4082 ad
1126 4018 1686 4082 denunciandum
1751 4020 2163 4082 electionem

533 4113 918 4177 rectoribus
963 4122 1033 4176 et
1075 4113 1380 4176 habeant
1422 4112 1673 4175 notarii
1725 4132 1800 4175 1o
1829 4115 2067 4175 soldos
2096 4124 2167 4178 et

531 4206 896 4269 denarium
934 4226 1091 4270 cum
1126 4207 1400 4269 duobus
1431 4207 1631 4288 equis
1663 4216 1733 4269 et
1769 4211 1806 4269 6
1839 4207 2165 4270 denarios

528 4320 657 4382 pro
691 4319 922 4382 penna
950 4311 1020 4362 et
1051 4301 1410 4364 tubatores
1443 4311 1514 4364 et
1551 4300 1835 4362 correrii
1858 4324 1896 4379 4
1927 4301 2165 4364 soldos

532 4413 692 4456 cum
738 4413 877 4455 uno
938 4412 1120 4477 equo
1176 4412 1305 4473 pro
1365 4393 1676 4474 qualibet
1731 4394 1845 4458 die
1908 4404 1978 4456 et
2034 4415 2163 4476 pro

527 4487 846 4570 quolibet
889 4489 980 4572 (ν.
1026 4508 1086 4550 0.
1141 4491 1320 4565 1308,
1367 4496 1522 4561 001.,
1568 4485 1732 4562 VII;
1778 4497 1848 4550 et
1882 4508 1942 4550 a.
1983 4508 2161 4566 1310,

528 4583 711 4645 111οᾱ.
766 4582 882 4662 12).

527 4788 655 4848 241.
713 4806 776 4816 —
839 4790 1016 4847 1310,
1061 4768 1152 4832 id.
1198 4767 1286 4832 id.
1343 4769 1409 4842 C,
1461 4788 1604 4849 237.

609 4906 1053 4969 Provisiones
1097 4905 1418 4988 gabellae
1463 4905 1654 4988 quod
1697 4905 1990 4988 quilibet
2018 4917 2163 4972 tam

525 5000 707 5063 civis
759 5020 968 5081 quam
1013 4999 1313 5062 forensis
1355 4999 1582 5080 possit
1631 5001 1890 5063 ducere
1945 5003 2163 5064 salem

525 5094 620 5157 ad
665 5093 1024 5156 civitatem
1069 5102 1140 5155 et
1169 5091 1374 5156 etiam
1403 5102 1606 5156 extra
1637 5092 1990 5170 civitatem
2031 5095 2161 5158 sol-

528 5188 763 5249 vendo
820 5206 951 5269 pro
1011 5185 1326 5269 quolibet
1388 5185 1625 5249 modio
1692 5187 2014 5251 venetico
2090 5209 2157 5250 12

523 5280 938 5344 venetianos
983 5299 1272 5364 grossos
1314 5289 1386 5344 et
1429 5281 1708 5344 dacium
1753 5293 2161 5345 consuetum

521 5373 782 5455 pontis,
815 5374 994 5436 Item
1032 5373 1223 5456 quod
1252 5372 1468 5436 frater
1495 5373 1909 5438 Franciscus
1938 5395 2163 5457 nuper

521 5467 960 5532 constitutus
1004 5467 1382 5532 massarius
1437 5468 1676 5550 pontis
1725 5468 1991 5532 Doxoli
2043 5471 2161 5531 ha·

2262 2095 2433 2156 libet
2476 2095 2809 2176 plaustro,
2864 2097 3182 2178 exceptis
3238 2097 3420 2159 vinis
3492 2099 3580 2160 de
3642 2099 3895 2180 quibus

2262 2185 2340 2251 fit
2398 2188 2659 2252 mentio
2717 2189 2789 2252 in
2846 2209 3048 2271 prov.
3104 2211 3280 2268 1310,
3330 2192 3511 2258 mad.
3566 2211 3661 2265 12,
3710 2193 3885 2273 quod

2266 2281 2506 2344 vinum
2552 2302 2693 2346 11011
2737 2283 2962 2365 possit
2992 2284 3267 2347 extrahi
3310 2294 3513 2347 extra
3542 2283 3887 2349 civitatem

2264 2386 2336 2438 et
2385 2376 2799 2439 districtum.
2857 2376 3033 2440 Item
3094 2379 3285 2458 quod
3362 2379 3777 2460 capitaneus
3828 2391 3889 2440 et

2265 2469 2415 2531 eius
2460 2468 2725 2532 familia
2776 2490 2916 2533 non
2978 2472 3281 2534 debeant
3337 2472 3637 2553 amplius
3696 2473 3893 2534 mole-

2264 2571 2447 2625 stare
2481 2564 2863 2626 vendentes
2894 2583 3048 2638 ova,
3072 2564 3304 2646 pullos
3333 2576 3402 2628 et
3426 2564 3886 2638 salvaticinas‚

2264 2666 2507 2718 0011110
2530 2655 2821 2720 formam
2848 2669 3247 2722 contractus
3263 2658 3704 2722 vendicionis
3725 2659 3889 2724 dacii

2265 2751 2351 2812 de
2394 2750 2773 2831 praedictis
2822 2749 3079 2814 factae·
3112 2752 3416 2815 Martino
3462 2753 3551 2816 de
3593 2752 3891 2816 Nazellis

2263 2853 2333 2906 et
2376 2845 2570 2908 socio
2615 2854 2685 2907 et
2728 2864 2914 2908 nunc
2958 2847 3049 2908 ad
3093 2851 3482 2911 terminum.

2260 3049 2396 3109 243.
2444 3067 2524 3076 -—
2578 3049 2757 3110 1310,
2804 3051 2961 3115 aug.
3018 3053 3110 3110 13,
3162 3031 3351 3108 VIII,
3390 3031 3434 3096 l.
3464 3038 3678 3118 super
3710 3033 3889 3096 domo

2338 3131 2553 3216 gobel.
2606 3132 2995 3198 Cremonae.
3050 3135 3117 3202 C.
3167 3155 3310 3215 239.

2344 3269 2791 3332 Provisiones
2838 3270 3157 3354 gabellae
3200 3271 3389 3353 quod
3434 3272 3891 3334 ambaxatori·

2262 3363 2395 3425 bus
2439 3372 2508 3424 et
2551 3362 2837 3426 notariis
2882 3364 3083 3427 ituris
3128 3363 3199 3426 in
3244 3364 3481 3445 aliqua
3522 3367 3891 3429 ambaxata

2262 3454 2383 3519 fiat
2426 3455 2645 3518 maior
2688 3457 2944 3519 solutio
2996 3476 3207 3538 quam
3266 3469 3585 3539 tempore
3638 3470 3895 3540 praete·

2262 3549 2417 3623 rit0,
2466 3549 2791 3613 videlicet
2833 3550 3079 3632 primis
3123 3571 3281 3614 cum
3312 3551 3537 3615 tribus
3568 3553 3772 3635 equis
3808 3554 3890 3615 ad

2264 3642 2604 3708 rationem
2652 3663 2687 3724 5
2743 3644 3096 3707 soldorum
3153 3665 3283 3727 pro
3340 3645 3657 3727 quolibet
3718 3667 3893 3730 equo

2267 3747 2337 3800 et
2381 3736 2513 3810 die,
2560 3749 2630 3801 et
2674 3739 3000 3802 secundis
3046 3759 3205 3802 cum
3252 3740 3527 3803 duobus
3572 3743 3778 3822 equis
3808 3742 3891 3804 ad

2268 3831 2608 3894 rationem
2656 3849 2690 3910 5
2738 3832 3094 3894 soldorum
3148 3851 3278 3913 pro
3334 3833 3651 3914 quolibet
3714 3855 3897 3919 equo

2268 3934 2337 3986 et
2392 3929 2429 3987 6
2484 3924 2926 3988 denariorum
2985 3945 3115 4006 pro
3175 3946 3425 4007 penna,
3473 3927 3630 3991 vice
3692 3928 3893 3991 trium

2268 4018 2647 4081 soldorum.
2712 4019 2887 4081 Item
2946 4020 3136 4101 quod
3202 4021 3291 4082 ad
3351 4019 3583 4084 officia
3642 4042 3893 4084 massa-

2266 4111 2466 4175 ratici
2513 4114 2902 4175 communis
2946 4114 3182 4195 pontis
3212 4126 3281 4176 et
3310 4126 3674 4194 portarum
3706 4128 3776 4178 et
3810 4116 3893 4177 ad

2269 4205 2631 4288 quodlibet
2663 4205 2750 4268 de
2793 4207 3173 4288 praedictis
3204 4207 3499 4290 eligatur
3536 4210 3625 4272 ad
3663 4209 3899 4272 brevia

2268 4300 2338 4361 in
2384 4299 2676 4362 consilio
2730 4300 3040 4382 generali
3099 4301 3663 4383 octingentorum
3724 4323 3899 4366 com-

2267 4394 2495 4456 munis
2541 4394 2822 4476 singulo
2868 4414 3106 4457 mense
3148 4396 3239 4458 ad
3284 4395 3513 4458 minus
3566 4415 3748 4459 unus
3802 4397 3894 4460 iu-

2267 4487 2407 4550 dex
2452 4487 2603 4549 sive
2648 4487 2980 4562 1101011113,
3027 4499 3095 4552 01
3138 4498 3551 4570 pensatores
3583 4491 3752 4552 salis
3786 4490 3895 4552 eli·

2266 4590 2525 4662 gantur
2566 4599 2695 4662 per
2734 4583 3107 4645 massarios
3152 4583 3520 4665 generales
3557 4593 3627 4646 et
3656 4586 3893 4647 abates

2264 4673 2602 4757 gabellae,
2647 4684 2718 4737 et
2760 4677 3103 4757 guaytoni
3146 4676 3383 4758 pontis
3426 4687 3497 4740 et
3537 4687 3893 4757 portarum

2266 4767 2406 4831 sint
2450 4769 2655 4832 electi
2700 4769 2788 4834 de
2833 4768 3111 4834 viciniis
3155 4780 3225 4833 et
3283 4771 3457 4834 locis
3514 4771 3893 4853 proximio-

2266 4863 2485 4926 ribus,

2268 5070 2402 5128 244.
2446 5085 2533 5096 —
2585 5069 2763 5128 1310,
2808 5069 2966 5133 aug.
3022 5069 3117 5127 13,
3174 5048 3363 5122 VIII,
3409 5048 3453 5112 l.
3498 5047 3575 5113 in
3618 5049 3893 5113 consilio

2349 5142 2737 5226 sapientum
2774 5141 2989 5227 gobel.
3034 5146 3102 5204 et
3128 5162 3287 5226 aug.
3322 5146 3399 5206 28
3431 5141 3507 5206 in
3534 5163 3712 5207 cons.
3738 5163 3897 5228 gen.

2349 5257 2579 5301 comm.
2635 5237 3021 5302 Cremonae.
3074 5237 3144 5312 C,
3194 5255 3319 5318 240

2346 5374 2799 5444 Provisiones
2844 5373 3164 5458 gabellae
3226 5375 3417 5458 quod
3474 5373 3762 5438 cuilibet
3822 5373 3893 5438 li·

2263 5469 2479 5534 citum
2524 5470 2614 5532 sit
2658 5478 3063 5532 construere
3106 5478 3178 5532 et
3236 5466 3467 5532 facere
3521 5467 3772 5533 salaria
3820 5478 3902 5530 et·
