4050 6109
523 282 646 358 164
1536 286 1805 338 00111οΕ
1847 287 2368 338 DIPLOMATICO
2412 287 2867 338 CREMONESE

3250 412 3867 438 Q

507 545 678 598 cariis
711 573 780 582 -
818 545 891 597 D.
919 542 1161 596 Pasinus
1185 542 1260 594 de
1295 539 1586 606 Stagnatis
1609 569 1674 578 —
1701 540 1774 591 D.
1804 536 2149 591 Guilielmus
2194 447 2203 589 1
2248 545 2503 605 potestas
2538 546 2598 592 et
2630 538 2965 606 capitaneus
2998 549 3059 594 et
3080 557 3283 594 eorum
3304 557 3633 596 sucessores
3656 551 3871 599 tenean-

513 621 588 674 de
623 621 927 675 Casanova
960 649 1030 658 —
1067 619 1140 672 D.
1181 619 1438 684 Raphael
1475 616 1698 670 Sachus
1721 645 1788 654 -
1825 615 1900 668 D.
1928 615 2151 667 Hector
2247 623 2342 668 tur
2388 623 2447 668 et
2502 614 2757 668 debeant
2809 615 2949 668 dare
2994 617 3267 682 predictis
3314 618 3619 684 capitaneo
3668 629 3725 674 et
3778 638 3871 674 ca-

511 699 588 751 de
625 697 909 750 verdellis
947 725 1012 734 —
1050 697 1120 750 D.
1160 697 1362 748 Petrus
1396 693 1471 746 de
1519 692 1756 746 Zubello
1803 719 1872 730 —-·
1921 692 1995 746 D.
2046 693 2151 746 Pa·
2248 691 2633 745 valeatoribus
2683 692 2759 744 de
2815 692 3043 746 familiis
3092 703 3150 747 et
3202 694 3427 748 nunciis
3482 695 3601 748 suis
3636 707 3693 750 et
3742 698 3870 751 dare

507 775 671 828 sinus
705 773 780 826 de
817 771 1194 837 Ghosalengo
1229 801 1292 810 —
1322 772 1394 822 D.
1417 769 1767 822 Antoniolus
1789 767 1864 820 de
1902 767 2047 820 Riva
2082 795 2151 808 —-
2246 767 2463 822 litteras
2488 784 2592 834 pro
2629 767 2916 834 exigendo
2952 769 3026 822 ab
3050 770 3323 824 omnibus
3340 780 3400 825 et
3418 772 3657 836 singulis
3691 790 3871 839 perso—

515 852 589 904 D.
615 850 913 903 Nicolinus
932 848 1149 901 domini
1173 846 1419 901 Bonardi
1440 847 1516 899 de
1536 845 2150 899 Doxeno—D.Fron·
2196 842 2202 953 Ι
2247 845 2356 906 1115,
2397 844 2865 899 universitatibus
2899 846 3249 899 debentibus
3285 849 3519 901 comuni
3556 857 3615 902 et
3660 851 3872 915 gabelle

511 935 634 980 tera
666 926 742 979 de
781 925 1070 978 Bonseriis
1115 953 1184 963 —
1235 927 1306 976 D.
1341 921 1678 991 jacominus
1713 921 2035 974 Sansomus
2082 950 2149 958 —
2248 923 2537 974 Cremone
2572 937 2645 974 ex
2679 922 2866 974 causis
2890 924 3325 988 comprehensis
3360 924 3418 977 in
3439 925 3563 990 ipsa
3585 927 3867 991 petitione,

515 1005 587 1058 D.
629 1003 675 1055 F
679 1002 979 1070 rogerinus
1015 1001 1089 1054 de
1125 1000 1472 1053 Golferamis
1511 1028 1579 1037 —
1615 999 1688 1050 D.
1717 997 2028 1062 Alegrinus
2073 997 2149 1050 de

510 1081 741 1148 Alegris
776 1110 844 1118 —
871 1081 944 1132 D.
979 1078 1373 1147 Raynoldinus
1397 1077 1472 1130 de
1497 1075 1754 1143 Quachis
1789 1106 1854 1113 —
1881 1076 1954 1128 D.
1985 1075 2149 1128 Otto-

509 1158 661 1211 linus
697 1157 771 1210 de
809 1155 1112 1209 Casamala
1149 1185 1211 1193 —
1251 1156 1324 1208 D.
1362 1154 1673 1207 Axandrus
1711 1152 1784 1205 de
1821 1151 1992 1206 Aleo-

579 1234 728 1287 Cum
763 1249 1013 1286 comune
1048 1240 1106 1284 et
1139 1231 1368 1298 gabella
1403 1231 1690 1284 Cremone
1725 1237 1920 1282 essent
1955 1227 2149 1281 multis

507 1320 569 1364 et
601 1309 772 1363 variis
809 1309 1018 1362 debitis
1053 1316 1324 1374 agravata
1358 1315 1417 1360 et
1451 1306 1765 1372 obbligata,
1803 1314 1861 1358 et
1896 1304 2148 1359 maxime

509 1387 894 1441 creditoribus
929 1385 1030 1452 qui
1067 1386 1282 1438 habent
1317 1385 1504 1438 facere
1550 1383 1610 1436 in
1653 1389 1949 1436 contractu
1995 1381 2147 1434 furni

507 1473 568 1517 et
603 1463 742 1524 vini,
779 1471 839 1515 et
888 1463 1072 1514 eciam
1108 1461 1362 1514 dominis
1410 1459 1693 1513 Ruzinino
1741 1459 1817 1512 de
1851 1459 2044 1511 Gadio
2090 1466 2149 1511 et

511 1539 735 1593 Bonino
770 1538 846 1592 de
881 1537 1146 1601 StruxiiS,
1185 1537 1491 1590 Anzelerio
1525 1537 1600 1590 de
1647 1535 2054 1602 Malagnischis
2089 1543 2149 1588 et

2248 999 2321 1052 ad
2358 998 2716 1052 voluntatem
2750 1007 2811 1052 et
2845 999 3282 1066 requisitionem
3319 1001 3708 1066 predictorum
3732 1004 3874 1070 capi-

2246 1075 2400 1128 tanei
2438 1083 2497 1128 et
2528 1074 2973 1138 cavalcatorum,
3009 1085 3069 1130 et
3102 1077 3149 1128 si
3186 1077 3397 1132 fuerint
3431 1079 3785 1144 negligentes
3817 1080 3871 1132 in

2247 1151 2517 1218 predictis
2550 1160 2611 1204 et
2645 1152 2836 1205 circha
2870 1152 3129 1218 predicta
3162 1153 3252 1207 vel
3287 1155 3545 1220 predicta
3580 1171 3872 1209 recusave-

2247 1228 2359 1282 rint
2392 1229 2720 1290 observare,
2745 1229 3208 1283 condemnentur
3234 1246 3337 1296 per
3358 1230 3751 1295 sindicatoreS,
3778 1233 3871 1300 qui

2244 1305 2555 1371 elliguntur
2576 1305 2653 1359 ad
2678 1305 3080 1359 sindicandum
3108 1307 3285 1373 ipsos,
3311 1315 3369 1360 et
3391 1308 3709 1374 quemlibet
3734 1310 3875 1374 ipso-

2246 1397 2373 1434 rum
2404 1381 2459 1435 in
2496 1383 2916 1450 quinquaginta
2944 1383 3071 1438 libr.
3100 1383 3299 1449 imper.
3322 1401 3425 1450 pro
3448 1384 3711 1452 quolibet
3729 1385 3875 1450 ipso-

2246 1474 2371 1510 rum
2383 1474 2395 1516 ;
2407 1467 2467 1512 et
2484 1457 2647 1526 quod
2666 1459 2909 1524 pecunia
2928 1475 3044 1526 que
3062 1459 3325 1526 exigetur
3340 1460 3430 1512 vel
3451 1461 3873 1527 recuperabitur

2244 1534 2515 1600 predictis
2538 1535 2614 1588 de
2638 1536 2827 1589 causis
2848 1551 2967 1588 11011
2992 1536 3175 1602 possit
3206 1536 3458 1603 expendi
3496 1553 3602 1590 nec
3625 1538 3871 1591 converti

2244 1627 2347 1677 per
2381 1609 2567 1664 dictos
2600 1611 2861 1674 abbates,
2896 1612 3189 1678 sapientes
3224 1630 3331 1686 nec
3378 1613 3686 1667 massarios
3728 1614 3873 1667 dicte

2242 1688 2469 1752 gabelle
2506 1688 2563 1740 in
2598 1687 2854 1755 aliquam
2879 1689 3050 1742 aliam
3076 1705 3312 1744 causam
3340 1689 3523 1744 necin
3550 1691 3745 1757 aliqua
3768 1691 3873 1744 alia

2244 1765 2583 1818 necessitate
2616 1765 2883 1818 comunis
2918 1766 3008 1820 vel
3032 1765 3259 1831 gabelle
3285 1767 3593 1828 Cremone,
3623 1767 3732 1820 nisi
3753 1767 3872 1820 solo

2242 1840 2423 1894 modo
2458 1841 2516 1895 in
2564 1840 2847 1894 solvendo
2896 1850 2954 1895 et
3002 1858 3107 1908 pro
3156 1843 3563 1896 satisfaciendo
3610 1843 3873 1911 predictis

2242 1917 2642 1980 creditoribus,
2679 1917 2994 1984 capitaneis
3030 1927 3089 1972 et
3110 1920 3597 1982 cavalcatoribus;
3637 1929 3697 1972 et
3718 1921 3871 1988 quod

2242 1995 2483 2059 predicti
2518 1994 2743 2049 domini
2790 2003 3047 2062 potestas
3087 2004 3146 2048 et
3190 1996 3527 2062 capitaneus
3574 2006 3636 2052 et
3678 2013 3869 2050 eorum

2243 2072 2455 2124 familie
2490 2080 2549 2125 et
2584 2072 2783 2126 abates
2810 2080 2871 2126 et
2904 2073 3194 2139 sapientes
3228 2073 3455 2140 gabelle
3488 2083 3795 2128 teneantur
3816 2083 3871 2128 et

2241 2147 2495 2202 debeant
2528 2148 2859 2214 compelere
2886 2149 3111 2202 realiter
3136 2158 3196 2203 et
3219 2151 3597 2216 personaliter
3620 2151 3700 2204 ad
3734 2151 3875 2218 peti-

2240 2225 2458 2278 tionem
2515 2224 2903 2290 predictorum
2957 2226 3392 2293 capitaneorum
3446 2236 3506 2280 et
3556 2228 3873 2281 cavalcato—

2241 2302 2399 2355 ribus
2448 2317 2653 2354 omnes
2701 2310 2760 2355 et
2806 2302 3063 2368 singulas
3110 2319 3407 2370 personaS,
3458 2305 3869 2367 universitates,

2240 2379 2625 2432 comunitates
2658 2379 2735 2431 ad
2768 2379 3113 2433 solvendum
3152 2379 3293 2433 illud
3328 2382 3491 2447 quod
3524 2381 3753 2434 solvere
3786 2390 3873 2434 te-

2240 2464 2449 2508 nentur
2484 2472 2557 2508 ex
2592 2455 2780 2508 causis
2816 2457 3250 2522 comprehensis
3286 2457 3342 2510 in
3378 2458 3532 2511 dicta
3568 2458 3869 2523 petitione;

2239 2540 2298 2585 et
2332 2531 2407 2586 ad
2445 2532 2555 2586 hoc
2592 2540 2657 2585 ut
2688 2531 2885 2598 aliqua
2906 2532 3061 2586 fraus
3094 2534 3315 2587 comitti
3340 2550 3458 2586 11011
3483 2535 3689 2600 possit,
3716 2535 3868 2602 quod

2238 2623 2389 2662 unus
2424 2625 2497 2662 ex
2544 2609 2783 2662 notariis
2825 2609 3053 2675 gabelle
3088 2609 3163 2663 sit
3206 2619 3266 2664 et
3310 2627 3439 2664 esse
3482 2612 3700 2665 debeat
3745 2627 3871 2664 cum

2238 2684 2405 2740 dictis
2440 2684 2754 2751 capitaneis
2798 2695 2859 2740 et
2904 2687 3355 2741 cavalcatoribus
3395 2689 3470 2740 ad
3504 2688 3872 2742 scribendum

2236 2778 2442 2816 omnes
2478 2761 2827 2830 quantitates
2845 2779 2961 2830 que
2984 2763 3267 2829 exigerint
3289 2764 3557 2830 predictis
3586 2765 3665 2818 de
3694 2765 3876 2819 causis

2238 2847 2297 2892 et
2330 2838 2505 2892 etiam
2543 2839 2785 2905 pignora
2817 2855 2933 2906 que
2970 2840 3296 2906 acceperint
3329 2858 3365 2894 a
3386 2841 3739 2894 debentibus
3760 2842 3874 2894 sol-

511 1615 802 1670 Bernardo
839 1618 913 1668 de
963 1615 1198 1676 Mann0,
1245 1613 1558 1680 capitaneis
1603 1613 2027 1666 cavalcatorum
2070 1611 2145 1664 ab

507 1693 775 1760 equabus
811 1691 949 1744 olim
986 1691 1250 1744 comunis
1287 1691 1574 1742 Cremone
1608 1699 1668 1744 et
1701 1704 1905 1743 eorum
1955 1687 2143 1751 soziiS,

509 1769 566 1822 in
619 1768 787 1822 certis
843 1767 1260 1836 quantitatibus
1313 1766 1556 1832 pecunie
1606 1765 2037 1832 comprehensis
2086 1765 2143 1818 in

509 1845 776 1899 boletinis
799 1845 1076 1910 ipsorum,
1117 1845 1174 1897 in
1198 1845 1411 1911 quibus
1447 1843 1704 1910 ipsorum
1728 1843 1873 1895 ratio
1907 1851 1966 1894 et
1987 1857 2145 1895 com—

509 1922 730 1988 putatio
766 1921 1072 1988 diligenter
1105 1921 1254 1972 facta
1290 1928 1556 1986 apparet;
1593 1935 1728 1972 cum
1766 1935 1882 1972 non
1919 1917 1992 1972 sit
2036 1933 2147 1985 pe-

505 1999 678 2052 cunia
715 1999 771 2051 in
807 1997 1035 2050 comuni
1072 2005 1130 2049 et
1165 1997 1391 2062 gabella
1427 1997 1715 2049 Cremone
1762 1995 1918 2049 unde
1961 1994 2145 2060 possit

506 2075 653 2128 solvi
688 2083 748 2128 et
768 2075 1033 2128 satisfieri
1068 2073 1340 2140 predictis
1383 2072 1782 2134 creditoribuS,
1806 2071 2140 2138 capitaneis,

505 2151 979 2215 cavalcatoribuS,
1017 2167 1087 2204 ex
1124 2151 1337 2217 quibus
1372 2166 1622 2204 comune
1655 2158 1715 2202 et
1748 2147 1972 2215 gabella
2009 2149 2144 2201 Cre-

509 2244 683 2281 mone
702 2236 942 2295 possent
965 2243 1240 2293 magnum
1261 2226 1579 2292 dampnum
1604 2226 1904 2294 sustinere,
1927 2232 1986 2279 et
2008 2239 2141 2278 cum

507 2304 644 2358 dicti
679 2303 984 2370 capitanei,
1033 2320 1141 2356 suo
1187 2303 1424 2356 nomine
1469 2311 1528 2356 et
1573 2302 1809 2356 nomine
1853 2301 2142 2355 soziorum

503 2395 766 2440 suorum,
817 2380 1244 2446 comparuerint
1290 2395 1484 2432 coram
1525 2378 1792 2432 abatibus
1827 2385 1886 2431 et
1917 2377 2143 2443 sapien-

507 2457 660 2510 tibus
711 2457 938 2524 gabelle
989 2465 1050 2510 et
1098 2456 1429 2523 porexerint
1479 2455 1816 2522 petitionem
1864 2453 2143 2508 infrascri-

507 2543 687 2601 ptam,
743 2541 802 2587 et
835 2534 1019 2599 ipsam
1067 2533 1404 2600 petitionem
1450 2532 1664 2599 pluries
1712 2540 1771 2586 et
1805 2531 2019 2597 pluries
2068 2530 2142 2583 sit

507 2611 837 2664 examinata
871 2626 975 2675 per
998 2610 1236 2662 abbates
1261 2617 1320 2662 et
1342 2609 1630 2674 sapientes
1653 2607 1896 2674 gabelle,
1935 2616 1994 2661 et
2016 2607 2141 2674 plu-

507 2688 620 2740 ries
655 2687 904 2741 extiterit
939 2686 1311 2739 reformatum
1359 2685 1518 2752 quod
1555 2685 1614 2737 in
1662 2684 1815 2738 dicta
1860 2684 2140 2751 petitione

509 2763 872 2830 procedatur,
913 2763 1052 2816 dum
1089 2771 1282 2816 tamen
1319 2761 1575 2827 predicta
1626 2762 1916 2827 placerent
1959 2760 2141 2815 credi-

509 2841 731 2894 toribus
767 2839 1115 2892 habentibus
1151 2839 1336 2892 saeere
1373 2839 1430 2890 in
1467 2837 1618 2891 dicto
1651 2847 1946 2892 contractu
1991 2837 2139 2890 dazii

511 2918 660 2972 furni
695 2925 756 2970 et
789 2916 926 2980 vini,
955 2925 1012 2969 et
1030 2915 1196 2970 dictis
1220 2915 1600 2969 creditoribus
1625 2915 1810 2968 citatis
1833 2931 1936 2981 per
1954 2914 2140 2968 dictos

510 2994 751 3051 abbates
787 3002 845 3046 et
878 2994 1168 3059 sapientes
1203 3001 1262 3046 et
1296 2992 1544 3046 dixerint
1577 3000 1636 3045 et
1677 2991 1975 3058 protestati
2019 2992 2141 3045 fue-

508 3071 622 3125 rint
666 3070 922 3137 predicta
969 3070 1078 3122 sibi
1128 3070 1352 3136 placere
1389 3078 1446 3122 et
1498 3068 1824 3122 redundare
1882 3069 1940 3121 in
1983 3068 2141 3122 utili-

506 3157 682 3201 tatem
718 3147 871 3199 dicte
905 3145 1159 3212 gabelle;
1199 3155 1256 3200 et
1291 3162 1423 3198 cum
1459 3145 1642 3199 eciam
1679 3161 1782 3212 per
1808 3145 1994 3198 dictos
2030 3146 2141 3198 ab-

503 3226 667 3278 bates
703 3232 760 3276 et
796 3223 1086 3289 sapientes
1121 3223 1221 3290 qui
1266 3222 1498 3275 fuerunt
1541 3237 1783 3274 numero
1831 3221 2035 3275 decern
2082 3229 2139 3274 et
2236 3221 2373 3274 dieti
2424 3221 2708 3287 capitanei
2761 3230 2820 3274 et
2869 3222 3254 3276 cavalcatores
3309 3239 3414 3276 nec
3464 3222 3676 3291 aliquis
3726 3223 3869 3276 alius

2236 2931 2371 2968 vere
2406 2923 2465 2968 et
2500 2914 2770 2981 predictis
2794 2913 2867 2968 de
2890 2915 3097 2979 causis,
3136 2932 3251 2983 que
3280 2917 3524 2983 pecunia
3548 2918 3872 2983 deponatur

501 3310 655 3362 octo,
693 3300 844 3353 facto
899 3300 1108 3366 partito
1157 3299 1305 3353 inter
1350 3299 1508 3365 ipsos
1552 3299 1628 3352 ad
1679 3297 1912 3351 busolas
1956 3307 2016 3351 et
2064 3297 2137 3352 ad
2236 3297 2495 3352 officialis
2530 3297 2621 3350 vel
2656 3313 2903 3364 persona
2936 3299 3197 3366 accipere
3230 3315 3337 3352 nec
3371 3301 3601 3365 exigere
3638 3317 3751 3354 nec
3774 3302 3871 3354 ha-

2236 3007 2412 3058 super
2448 2991 2717 3045 tabellam
2752 2991 2975 3046 domini
3016 2994 3068 3046 U
3072 2992 3233 3059 gheti
3266 2994 3341 3046 de
3378 2994 3655 3048 Ardoinis
3700 3003 3759 3048 et
3792 2993 3875 3060 pi-

2236 3084 2420 3136 gnora
2454 3067 2821 3134 deponantur
2854 3069 3121 3122 abatibus
3156 3078 3215 3122 et
3248 3071 3605 3136 sapientibus
3640 3079 3704 3124 et
3728 3087 3871 3124 mas-

2238 3145 2399 3198 sariis
2414 3144 2782 3212 generalibus
2800 3145 3055 3210 gabelle;
3088 3154 3149 3199 et
3170 3145 3333 3213 quod
3357 3163 3475 3200 non
3496 3149 3725 3212 possint
3748 3163 3869 3213 pre-

505 3378 746 3430 ballotas
781 3375 1032 3430 extiterit
1066 3376 1439 3430 reformatum
1474 3375 1636 3442 quod
1670 3374 1728 3428 in
1751 3375 2008 3442 predicta
2032 3391 2140 3440 pe·
2237 3376 2375 3428 bere
2426 3390 2533 3440 pro
2582 3373 2851 3440 expensis
2894 3391 2929 3428 a
2964 3375 3361 3442 suprascriptis
3402 3377 3685 3442 personis,
3742 3378 3871 3431 uni-

503 3454 706 3508 titione
764 3453 1110 3519 procedatur
1161 3453 1484 3507 secundum
1536 3451 1698 3519 quod
1733 3451 1792 3504 in
1843 3451 1966 3519 ipsa
2010 3451 2140 3518 ple-
2238 3455 2607 3509 versitatibus
2640 3465 2700 3508 et
2748 3455 3199 3509 comunitatibus
3236 3469 3355 3522 'pro
3404 3457 3675 3523 expensis
3722 3457 3869 3510 circa

2237 3531 2497 3598 predicta
2530 3531 2806 3586 faciendis
2829 3532 2919 3585 vel
2954 3530 3031 3584 ad
3052 3533 3405 3598 exigendum
3440 3533 3701 3598 predicta
3726 3532 3871 3586 ultra

2236 3624 2337 3662 sex
2373 3608 2643 3662 denarios
2678 3608 2755 3661 de
2776 3609 3035 3676 qualibet
3068 3609 3212 3662 libra
3236 3620 3295 3663 et
3330 3625 3447 3663 non
3472 3610 3630 3676 plus;
3662 3619 3723 3664 et
3748 3625 3869 3676 pre·

2237 3685 2391 3738 dicta
2445 3685 2699 3752 provisio
2734 3685 2807 3740 sit
2853 3687 3095 3740 troncha
3128 3694 3189 3740 et
3231 3687 3483 3752 precissa
3508 3686 3563 3740 in
3612 3687 3873 3755 qualibet

2236 3771 2398 3828 parte
2433 3762 2524 3816 sui
2560 3770 2619 3815 et
2667 3761 2869 3816 ultima
2902 3771 2963 3816 et
3006 3762 3373 3828 derogatoria
3414 3764 3692 3817 omnibus
3746 3771 3867 3817 sta-

2236 3839 2374 3892 tutis
2392 3848 2451 3892 et
2474 3838 2976 3892 reformationibus
2994 3841 3258 3892 comunis
3282 3849 3342 3892 et
3360 3840 3559 3906 populi
3580 3841 3871 3894 Cremone

2236 3915 2602 3982 generalibus
2638 3924 2697 3969 et
2730 3915 3075 3982 specialibus
3110 3925 3169 3969 et
3192 3915 3617 3982 provisionibus
3644 3915 3869 3983 gabelle

2234 4001 2295 4046 et
2329 3991 2723 4060 quorumlibet
2768 3992 3095 4058 sapientum
3130 3993 3191 4046 in
3226 3993 3578 4046 contrarium
3627 3993 3869 4060 loquen—

2234 4069 2389 4123 tibus
2424 4068 2514 4122 vel
2542 4067 2799 4134 predicta
2822 4067 3269 4134 impedientibus
3292 4078 3349 4122 et
3372 4085 3445 4122 ex
3480 4085 3636 4122 nunc
3660 4069 3865 4122 valeat.

502 3531 632 3584 nius
684 3530 1030 3593 continetur,
1083 3539 1141 3582 et
1182 3530 1259 3583 de
1307 3529 1741 3595 comprehensis
1792 3529 1848 3582 in
1895 3528 1979 3582 eis
2016 3529 2139 3582 fieri

500 3608 714 3661 debeat
747 3607 1000 3674 provisio
1035 3607 1278 3672 gabelle,
1321 3607 1674 3673 ponentibus
1707 3605 1788 3658 illi
1822 3605 1924 3673 qui
1972 3606 2140 3659 vole—

502 3686 642 3737 bant
674 3684 932 3750 predicta
967 3683 1088 3736 fieri
1125 3683 1339 3736 debere
1373 3683 1597 3736 11310135
1646 3697 1781 3736 51135
1817 3682 1876 3736 111
1913 3682 2139 3736 busolla

501 3761 761 3814 vermilia
796 3776 912 3826 que
947 3761 1266 3828 aprobabat
1299 3760 1574 3827 predicta,
1613 3759 1712 3827 qui
1749 3760 1981 3813 suerunt
2015 3775 2129 3813 nu-

503 3853 664 3891 mero
699 3836 997 3898 tredecim,
1035 3845 1093 3889 et
1113 3837 1462 3902 ponentibus
1487 3836 1630 3897 aliis,
1656 3833 1756 3902 qui
1782 3836 2012 3888 fuerunt
2035 3851 2139 3888 nu-

506 3929 667 3967 mero
702 3913 982 3980 quinque,
1030 3912 1272 3966 ballotas
1321 3929 1455 3966 suas
1490 3913 1547 3965 in
1597 3912 1710 3966 alia
1745 3911 1970 3966 busolla
2021 3929 2139 3979 que

500 3991 848 4057 reprobabat
882 3990 1158 4057 predicta.
1198 3989 1459 4043 Idcircho
1493 3989 1864 4056 suprascripti
1898 3989 2139 4043 abbates

505 4077 564 4122 et
599 4068 888 4134 sapientes
925 4067 1185 4120 volentes
1221 4067 1387 4142 sequi
1422 4067 1666 4120 formam
1692 4066 1843 4120 dicte
1868 4067 2138 4120 reforma-

508 4144 700 4205 1101115,
740 4144 796 4197 111
835 4143 1077 4197 utilitate
1109 4151 1171 4196 et
1204 4160 1310 4208 pro
1347 4143 1588 4196 utilitate
1623 4143 1775 4196 dicte
1809 4143 2055 4209 gabelle,
2081 4151 2140 4198 et
2304 4145 2483 4199 Cuius
2518 4144 2811 4211 petitionis
2848 4152 3013 4198 tenor
3048 4144 3175 4199 talis
3211 4154 3328 4198 est:
3384 4146 3570 4198 Vobis
3612 4146 3867 4200 dominis

2232 4221 2501 4276 abatibus
2538 4230 2597 4276 et
2630 4221 2986 4288 sapientibus
3018 4222 3246 4288 gabelle
3281 4223 3564 4288 suplicant
3600 4232 3659 4276 et
3684 4223 3873 4290 requi-

2233 4306 2367 4352 runt
2401 4297 2621 4352 domini
2661 4297 2977 4353 Ruzininus
3001 4300 3076 4352 de
3113 4299 3303 4352 Gadio
3328 4300 3584 4353 Boninus
3610 4299 3687 4352 de
3712 4301 3871 4352 Stru-

2233 4375 2359 4438 11115,
2398 4391 2505 4428 suo
2544 4374 2779 4429 nomine
2814 4383 2874 4428 et
2908 4375 3143 4429 nomine
3162 4376 3387 4430 domini
3426 4375 3713 4430 Anzelerii
3742 4377 3870 4428 Ma-

2233 4451 2527 4520 lagnische
2586 4461 2647 4505 et
2706 4452 2980 4506 Bernardi
3019 4452 3094 4505 de
3161 4453 3377 4506 Manno
3430 4452 3865 4518 capitaneorum

509 4221 585 4274 ad
623 4221 734 4274 hoc
771 4229 835 4273 ut
870 4220 947 4272 illi
985 4221 1084 4286 qui
1109 4228 1379 4273 tenentur
1401 4219 1540 4272 dare
1564 4219 1798 4273 comuni
1822 4229 1882 4272 et
1913 4219 2138 4286 gabelle

500 4297 787 4350 Cremone
839 4305 1120 4363 cogantur
1165 4298 1388 4349 solvere
1425 4295 1547 4348 illas
1594 4295 1943 4362 quantitates
1990 4311 2137 4362 quas

499 4381 769 4427 tenentur
803 4374 1028 4426 solvere
1051 4373 1309 4439 predicto
1342 4371 1577 4426 comuni
1602 4381 1661 4426 et
1682 4372 1907 4440 gabelle
1931 4388 2135 4438 supra-

501 4449 726 4515 scriptis
761 4449 835 4502 de
871 4449 1076 4517 0311515,
1112 4465 1216 4515 pro
1253 4465 1464 4514 magna
1497 4458 1557 4502 et
1591 4447 1844 4503 evidenti
1892 4449 2135 4504 utilitate

499 4527 638 4581 dicti
675 4527 939 4579 comunis
975 4533 1034 4578 et
1068 4525 1293 4592 gabelle
1329 4535 1388 4578 et
1411 4526 1485 4578 ad
1511 4526 1622 4579 hoc
1646 4533 1710 4579 ut
1741 4526 1966 4592 possint
1986 4542 2135 4580 exo-

505 4604 691 4657 nerari
728 4621 762 4656 a
797 4602 965 4657 dictis
1001 4601 1380 4655 creditoribus
1415 4611 1474 4656 et
1497 4601 1968 4665 cavalcatoribuS,
2005 4619 2135 4670 pro-

499 4681 766 4733 viderunt
817 4689 876 4733 et
932 4679 1345 4732 ordinaverunt
1401 4679 1561 4746 quod
1620 4678 1876 4745 predicta
1930 4680 2133 4746 petitio

495 4757 780 4810 dictorum
834 4755 1116 4822 capitanei
1168 4764 1227 4807 et
1277 4754 1697 4809 cavalcatorum
1750 4755 1914 4809 cuius
1965 4764 2132 4809 tenor

495 4833 729 4890 inferius
765 4833 1089 4886 continetur
1123 4832 1197 4885 sit
1221 4832 1387 4885 firma
1409 4841 1468 4885 et
1487 4832 1707 4886 stabilis
1742 4832 1876 4887 etin
1895 4849 1966 4886 ea
1993 4849 2132 4898 pro-

494 4909 732 4964 cedatur
768 4909 825 4962 in
860 4908 1134 4961 omnibus
1170 4917 1229 4961 et
1265 4925 1366 4974 per
1402 4909 1599 4964 omnia
1638 4917 1701 4962 ut
1737 4909 1792 4962 in
1831 4910 1954 4975 ipsa
1988 4910 2131 4976 peti—

493 4985 652 5042 tione
703 4986 930 5052 plenius
988 4986 1341 5048 continetur:
1381 4994 1439 5039 et
1473 4986 1634 5053 quod
1681 4985 1902 5039 domini
1955 4995 2129 5053 pote—

491 5072 608 5117 stas
632 5072 692 5116 et
714 5063 1066 5128 capitaneuS,
1094 5062 1361 5115 consules
1385 5071 1442 5116 et
1466 5063 1700 5126 antiani,
1726 5063 1926 5116 abates
1952 5071 2010 5116 et
2034 5079 2130 5115 sa-

495 5140 718 5206 pientes
753 5139 978 5204 gabelle
1014 5147 1072 5192 et
1108 5139 1364 5192 massarii
1409 5139 1707 5206 generales
1759 5139 2023 5193 comunis
2068 5149 2129 5194 et

491 5217 718 5284 gabelle
753 5216 1040 5268 Cremone
1074 5224 1372 5281 presentes
1407 5225 1466 5270 et
1499 5216 1672 5270 futuri
1719 5223 2024 5270 teneantur
2066 5225 2129 5270 et

492 5293 744 5346 debeant
779 5292 1010 5345 vinculo
1045 5293 1387 5345 sacramenti
1422 5293 1738 5360 predictam
1787 5292 2124 5359 petitionem
2224 5303 2285 5348 et
2318 5295 2589 5348 comunia
2623 5295 2883 5348 locorum
2918 5305 2977 5348 et
3011 5294 3273 5348 villarum
3311 5313 3429 5363 que
3466 5302 3864 5348 remanserant

489 5379 551 5422 et
585 5369 1002 5435 comprehensa
1037 5369 1094 5422 in
1130 5385 1197 5422 ea
1231 5369 1458 5424 effectui
1493 5369 1870 5432 demandare,
1908 5386 2014 5435 pro
2062 5381 2125 5424 ut
2225 5371 2297 5423 ad
2335 5371 2681 5426 solvendum
2717 5371 2858 5425 illud
2894 5371 3055 5438 quod
3090 5372 3198 5426 sibi
3237 5373 3575 5438 impositum
3611 5380 3735 5425 erat
3784 5371 3861 5424 de

491 5446 695 5498 melius
731 5445 852 5498 fieri
877 5445 1114 5511 poterit;
1142 5454 1200 5500 et
1234 5445 1391 5512 quod
1427 5446 1608 5499 eciam
1637 5447 1878 5512 predicti
1903 5446 2125 5500 domini
2226 5455 2429 5501 mutuo
2475 5447 2745 5515 imposito
2798 5465 2903 5515 pro
2948 5448 3317 5503 affrancando
3368 5450 3674 5515 gabellam,
3729 5463 3859 5502 mu-

2232 4529 2653 4582 cavalcatorum
2692 4529 2767 4581 ab
2802 4529 3067 4595 equabus
3102 4529 3241 4582 olim
3278 4529 3543 4582 comunis
3578 4530 3869 4582 Cremone

2230 4613 2289 4658 et
2338 4605 2575 4658 nomine
2610 4605 2868 4671 ipsorum
2904 4605 3347 4668 cavalcatorum,
3383 4605 3543 4673 quod
3584 4621 3721 4659 cum
3760 4605 3867 4671 ipsi

2231 4681 2441 4736 suerint
2482 4681 2647 4735 electi
2682 4682 2967 4748 capitanei
3010 4699 3115 4749 pro
3162 4682 3398 4756 conmuni
3447 4683 3739 4736 Cremone
3792 4681 3865 4735 ad

2228 4758 2535 4812 servicium
2560 4757 2738 4823 ipsius
2772 4757 3037 4812 comunis
3070 4775 3203 4812 cum
3251 4759 3706 4812 cavalcatoribus
3760 4775 3869 4824 ap-

2228 4835 2485 4900 probatis
2522 4833 2579 4888 in
2604 4833 2873 4888 boletinis
2906 4834 3185 4900 ipsorum,
3212 4836 3313 4903 qui
3349 4843 3485 4888 sunt
3518 4851 3700 4901 penes
3726 4851 3867 4901 qua-

2226 4919 2359 4964 tuor
2378 4909 2683 4964 massarios
2701 4910 2946 4976 gabelle,
2964 4910 3021 4963 in
3038 4911 3251 4977 quibus
3267 4911 3535 4964 boletinis
3548 4919 3637 4964 est
3652 4911 3867 4978 scripta

2227 4987 2372 5041 ratio
2430 4987 2703 5053 ipsorum,
2751 4987 2823 5040 ad
2880 4988 3229 5042 solutionem
3266 4987 3589 5041 faciendam
3640 4987 3865 5040 eisdem

2226 5079 2328 5130 per
2362 5064 2653 5130 sapientes
2686 5079 2893 5130 guerre
2930 5073 2989 5118 et
3023 5081 3126 5130 per
3160 5065 3400 5118 consilia
3434 5065 3695 5117 comunis
3730 5066 3865 5116 Cre-

2225 5157 2399 5194 mone
2416 5141 2627 5194 fuerint
2642 5140 2754 5194 sibi
2766 5141 3042 5208 deputata
3052 5141 3303 5205 darium,
3320 5159 3424 5196 seu
3448 5151 3714 5196 mutuum
3730 5142 3865 5194 salis

2225 5217 2475 5270 duorum
2497 5217 2721 5272 milium
2743 5217 3017 5272 librarum
3040 5227 3101 5272 et
3124 5227 3375 5286 quatuor
3400 5219 3640 5272 millium
3666 5218 3859 5271 librar.
