4050 6109
1169 292 1491 369 169-170.
1539 324 1620 334 -—
1665 304 1740 353 A.
1797 310 1975 369 1313.
2023 327 2107 337 —
2150 304 2427 357 SECOLO
2470 308 2634 358 XIV.
3493 316 3570 375 33

992 563 1076 613 29.

203 676 372 742 Quod
402 682 670 732 rectores
703 682 764 733 et
794 680 1064 747 officiales
1100 702 1210 737 non
1237 687 1464 753 possint
1491 687 1736 754 aliquem
1761 688 1851 741 de-

263 755 456 808 tinere
507 756 613 823 qui
649 758 903 823 paratus
953 760 1034 813 sil
1081 762 1224 815 dare
1275 763 1444 817 bonos
1477 764 1850 829 fideiussores

259 831 578 886 dummodo
627 850 742 885 non
777 839 1048 901 sequatur
1083 840 1470 895 condemnatio
1505 841 1848 909 corporalis.

262 970 420 1022 Item
457 970 680 1025 eodem
719 976 1028 1031 millesimo
1065 977 1381 1031 indictione
1419 986 1480 1031 et
1514 994 1716 1031 mense
1740 986 1850 1031 sta-

195 1054 394 1099 tutum
427 1054 492 1100 et
526 1048 867 1107 ordinatum
902 1061 1011 1117 est,
1051 1054 1212 1121 quod
1249 1054 1306 1108 in
1342 1054 1616 1107 omnibus
1647 1062 1706 1107 et
1739 1054 1850 1108 sin-

195 1123 345 1189 gulis
383 1124 698 1181 maleficiis
749 1145 854 1183 seu
897 1131 1126 1185 casibus
1163 1131 1220 1183 in
1258 1131 1490 1198 quibuS,
1529 1131 1848 1185 secundum

195 1200 448 1254 sormam
507 1211 862 1260 statutorum
917 1207 1243 1262 communis
1295 1224 1399 1261 seu
1459 1208 1658 1275 populi
1717 1208 1851 1261 Cre-

197 1292 434 1340 monae,
475 1280 573 1332 vel
613 1281 1212 1357 ipsisldeficientibuS,
1248 1284 1568 1339 secundum
1605 1285 1849 1338 sormam

197 1354 335 1407 iuris
373 1358 741 1423 communiS,
798 1376 949 1428 pena
1002 1362 1336 1428 pecuniaria
1373 1362 1728 1428 imponenda
1763 1372 1853 1415 est

195 1441 251 1484 et
286 1448 413 1485 non
452 1436 800 1501 corporalis,
839 1438 1112 1491 dominus
1146 1439 1392 1492 vicarius
1425 1447 1484 1493 et
1519 1439 1852 1505 capitaneus

195 1518 507 1575 presentes
546 1519 608 1565 et
643 1512 820 1567 futuri
857 1524 915 1568 et
934 1532 1138 1569 eorum
1155 1515 1406 1569 familiae
1435 1524 1493 1569 et
1529 1531 1734 1569 omnes
1757 1516 1851 1569 alii

195 1585 422 1639 iudices
442 1595 505 1642 et
527 1588 810 1644 officiales
823 1592 1151 1646 communis
1161 1592 1486 1646 Cremonae
1504 1592 1854 1659 nonpossint

193 1662 460 1729 aliquem
477 1664 562 1717 de
585 1665 820 1721 civitate
843 1668 935 1721 vel
953 1669 1029 1722 de
1049 1668 1308 1742 districtu
1322 1670 1664 1731 Cremonae,
1678 1669 1854 1722 incul-

195 1748 404 1805 patum
423 1741 508 1795 de
527 1741 673 1808 ipsis
695 1744 1010 1808 maleficiiS,
1025 1756 1224 1799 contra
1242 1762 1420 1814 quem
1447 1745 1856 1813 procederetur

195 1832 298 1882 per
335 1820 812 1885 accusationem,
851 1821 1354 1876 denuntiationem
1389 1823 1478 1876 vel
1517 1822 1856 1876 notificatio-

195 1910 354 1957 nem,
395 1893 872 1961 inquisitionem,
925 1900 1014 1952 vel
1051 1916 1122 1952 ex
1159 1900 1350 1953 officio
1399 1908 1500 1953 aut
1543 1898 1655 1952 alio
1703 1916 1856 1967 quo-

195 1987 462 2038 cumque
503 1972 711 2036 modo,
760 1974 1021 2029 detinere
1057 1976 1147 2029 vel
1186 1976 1242 2029 in
1280 1977 1603 2029 carceribus
1639 1992 1856 2042 ponere

196 2048 284 2099 vel
322 2048 530 2103 facere
567 2050 729 2117 poni,
768 2052 1094 2107 dummodo
1130 2053 1224 2107 ille
1259 2054 1409 2116 talis,
1447 2063 1645 2107 contra
1679 2070 1855 2121 quem

196 2124 552 2191 proceditur
585 2128 784 2196 aliquo
821 2128 896 2183 de
920 2130 1194 2198 predictis
1215 2130 1424 2193 111οά15,
1451 2130 1696 2185 voluerit
1718 2131 1857 2184 dare

197 2203 392 2256 bonos
433 2214 498 2257 et
537 2203 786 2260 idoneos
841 2207 1211 2261 fideiussores
1258 2217 1316 2262 et
1357 2207 1578 2262 habiles
1613 2208 1688 2261 ad
1724 2223 1857 2261 con-

195 2281 570 2335 veniendum
611 2290 670 2336 et
706 2284 807 2351 qui
846 2301 962 2338 non
1000 2286 1114 2339 sint
1143 2287 1219 2339 de
1247 2284 1612 2353 magnatibus
1647 2286 1722 2339 de
1747 2286 1856 2339 sol-

194 2357 395 2411 vendo
437 2367 636 2413 totum
693 2359 836 2413 illud
887 2362 944 2415 in
991 2378 1112 2430 quo
1147 2362 1649 2423 condemnaretur,
1689 2361 1735 2414 si
1773 2378 1857 2414 re-

193 2435 494 2500 periretur
531 2436 837 2503 culpabilis
890 2436 964 2491 de
1007 2437 1312 2501 maleficiO,
1349 2439 1513 2492 cuius
1547 2438 1852 2491 occasione

195 2510 550 2575 proceditur
581 2521 784 2566 contra
820 2514 1032 2580 ipsum,
1071 2524 1130 2569 et
1153 2515 1229 2568 de
1254 2530 1314 2567 se
1349 2513 1738 2581 presentando
1763 2531 1857 2567 oc-

195 2587 440 2641 casione
481 2588 668 2655 ipsius
708 2590 993 2645 maleficii.
1035 2592 1107 2645 Et
1132 2592 1292 2659 quod
1326 2608 1442 2644 non
1479 2590 1857 2657 compellatur

195 2680 304 2717 nec
341 2666 632 2731 compelli
687 2667 870 2733 possit
917 2668 992 2721 ad
1041 2667 1368 2722 faciendum
1405 2667 1644 2735 aliquod
1681 2667 1858 2734 depo-

197 2741 376 2795 situm
437 2744 732 2809 pecuniae
785 2759 887 2797 seu
941 2744 1116 2799 etiam
1167 2746 1498 2812 pigriorem,
1553 2746 1856 2798 occasione

197 2820 382 2883 ipsius
443 2818 721 2873 maleficii
781 2838 884 2875 seu
940 2822 1440 2875 condemnationis
1495 2821 1720 2876 fiendae
1782 2822 1856 2874 de

197 2898 325 2963 ipso
367 2896 528 2959 iure,
565 2896 690 2951 sive
726 2898 1036 2964 probatum
1077 2898 1422 2953 maleficium
1459 2899 1580 2952 sive
1615 2916 1752 2953 11011.
1785 2900 1859 2951 Et

195 2974 360 3042 quod
403 2972 800 3028 incontinenti
837 2984 1148 3043 postquam
1186 2975 1374 3030 dictus
1413 2976 1733 3045 inculpatus
1760 2975 1858 3028 de-

194 3052 346 3105 derit
385 3052 559 3117 ipsos
607 3050 982 3106 fideiussores
1034 3069 1136 3106 5811
1184 3069 1246 3105 58
1282 3053 1558 3108 obtulerit
1591 3062 1854 3121 paratum

196 3128 358 3191 dare,
401 3127 510 3181 ille
547 3136 738 3181 rector
773 3136 832 3182 et
867 3128 1042 3182 iudex
1079 3146 1183 3183 seu
1207 3128 1486 3191 officialiS,
1524 3147 1718 3184 coram
1740 3146 1859 3197 quo

197 3206 294 3259 fiet
318 3205 464 3259 talis
490 3220 824 3271 processuS,
863 3214 1130 3259 teneatur
1155 3206 1530 3262 incontinenti
1559 3207 1746 3274 ipsum
1775 3224 1859 3260 re-

195 3281 396 3335 laxare
437 3298 550 3335 seu
589 3282 833 3336 relaxari
888 3283 1096 3337 facere.
1139 3284 1212 3337 Et
1247 3284 1294 3337 si
1333 3292 1532 3337 contra
1566 3284 1858 3351 praedicta

196 3358 414 3426 aliquis
455 3368 670 3421 rector,
713 3358 886 3413 iudex
923 3360 1014 3413 vel
1039 3359 1298 3414 officialis
1335 3361 1531 3414 fecerit
1555 3360 1644 3414 vel
1681 3361 1855 3415 etiam

198 3436 394 3488 facere
432 3435 723 3498 omiserit,
763 3436 1034 3503 puniatur
1068 3446 1126 3491 et
1161 3438 1582 3491 condemnetur
1617 3438 1674 3491 in
1715 3440 1760 3493 L
1792 3439 1855 3491 li-

201 3513 317 3565 bris
354 3512 578 3579 imper.
619 3520 678 3567 et
714 3513 770 3566 in
807 3522 1034 3567 tantum
1087 3524 1352 3582 tempore
1406 3515 1492 3567 sui
1547 3514 1860 3568 sindicatus

199 3589 424 3643 debeat
462 3589 760 3643 sindicari.
817 3592 890 3643 Et
943 3590 1104 3657 quod
1141 3591 1200 3645 in
1236 3592 1528 3659 aliquibus
1564 3591 1860 3645 maleficiis

202 3682 304 3720 5811
344 3666 408 3719 111
451 3665 658 3735 aliquo
680 3682 1060 3734 processuum
1085 3668 1366 3721 sactorum
1403 3669 1494 3722 vel
1532 3667 1858 3721 fiendorurn

203 3743 528 3797 occasione
565 3743 894 3811 aliquorum
933 3743 1346 3798 maleficiorum
1373 3762 1488 3798 non
1516 3745 1740 3812 possint
1763 3744 1860 3797 ali-

204 3820 305 3887 qui
343 3819 536 3886 recipi
577 3820 634 3873 in
673 3820 1042 3874 fideiussores
1094 3820 1168 3873 de
1218 3822 1584 3887 magnatibus
1619 3838 1721 3874 seu
1759 3822 1858 3889 qui

206 3906 526 3963 magnates
577 3896 965 3951 communiter
1016 3897 1408 3963 intelliguntur
1461 3908 1518 3951 et
1555 3898 1859 3952 habentur.

209 3974 280 4027 Et
317 3974 766 4051 hoc-statutum
803 3972 876 4027 sit
913 3982 1202 4037 truncum,
1241 3983 1352 4027 ete.

897 4158 902 4163 ’
999 4186 1088 4237 30.

221 4317 396 4382 Quod
435 4324 628 4385 penae
672 4316 1032 4383 duplicentur
1086 4318 1288 4369 contra
1327 4314 1682 4382 foresterios
1715 4333 1862 4370 com-

279 4396 572 4448 mittentes
609 4392 890 4458 maleficia
925 4394 986 4445 in
1013 4392 1280 4459 personis
1308 4392 1515 4446 civium
1550 4394 1644 4445 vel
1672 4393 1863 4446 distri-

279 4472 566 4525 ctualium
607 4470 938 4523 Cremonae.

288 4626 404 4679 Hic
429 4622 574 4677 1111111
598 4622 852 4691 8111ρ11115
877 4630 1000 4676 8181
1025 4622 1080 4675 111
1107 4622 1294 4691 nigr0,
1321 4621 1456 4675 ideo
1481 4622 1803 4677 omisimus.

1010 4844 1098 4893 31.

836 4964 928 5017 De·
963 4964 1252 5019 assasim's.

289 5104 438 5156 ltem
476 5100 692 5155 eodem
731 5101 1038 5154 millesimo
1077 5101 1388 5155 indictione
1425 5110 1482 5155 et
1521 5117 1719 5154 mense
1755 5109 1864 5153 sta-

219 5188 410 5233 tutum
449 5187 512 5233 et
547 5178 882 5232 ordinatum
937 5188 1044 5239 est,
1081 5177 1243 5245 quod
1280 5178 1326 5231 si
1365 5178 1496 5245 quis
1531 5186 1770 5231 tractate
1807 5186 1864 5231 et

219 5266 502 5323 apensate
536 5254 974 5308 assassinaverit
996 5253 1250 5323 aliquem
1279 5254 1522 5309 civitatis
1553 5255 1642 5308 vel
1678 5254 1864 5308 distri·

221 5342 350 5387 81115
385 5335 719 5386 Cremonae
767 5332 856 5385 vel
911 5331 1162 5393 aliunde,
1201 5341 1260 5384 et
1297 5332 1646 5399 intelligatur
1681 5348 1862 5385 assas-

221 5410 465 5473 sinasse‚
505 5407 609 5476 qui
643 5409 894 5476 pecunia
915 5416 1153 5473 accepta
1175 5424 1278 5461 5811
1305 5409 1588 5475 promissa
1623 5409 1714 5462 vel
1739 5426 1865 5475 pre-

223 5486 388 5541 cibus
420 5486 670 5540 alicuius
719 5484 812 5538 vel
865 5484 940 5539 ad
999 5484 1327 5539 instantiam
1378 5500 1482 5537 seu
1525 5486 1862 5553 petitionem

385 5620 412 5659 5
465 5606 588 5649 Bm.
617 5606 744 5649 seor.
775 5606 840 5650 v1
872 5606 951 5659 (n.
985 5606 1032 5647 P.
1067 5606 1132 5647 M.
1166 5605 1225 5646 11.
1259 5604 1355 5655 11.).

1946 550 2186 604 alicuius
2220 550 2471 619 aliquem
2524 553 2871 618 percusserit
2922 569 3024 608 seu
3073 554 3477 620 vulneraverit,
3517 564 3577 609 et

1945 627 2155 681 exinde
2190 628 2425 694 sanguis
2460 644 2578 682 11011
2614 630 2809 693 exivit,
2848 630 3009 697 quod
3046 630 3318 697 puniatur
3354 632 3409 685 in
3457 648 3577 685 am-

1943 704 2245 771 putatione
2280 721 2505 759 111811115.
2559 706 2621 759 Si
2666 722 2803 759 vero
2837 707 3075 775 sanguis
3109 708 3329 771 exierit,
3371 708 3573 762 ultimo

1945 780 2229 847 supplicio
2264 782 2552 848 puniatur.
2579 783 2639 835 Si
2664 799 2803 837 vero
2826 784 3003 837 alium
3028 784 3391 847 interfecerit,
3416 785 3575 851 quod

1947 858 2071 923 ipse
2106 857 2317 912 debeat
2350 859 2619 913 traxinari
2672 876 2775 927 per
2824 860 3111 914 civitatem
3160 862 3483 915 Cremonae
3520 871 3580 917 et

1945 934 2118 988 furcis
2152 936 2427 1001 suspendi
2462 937 2544 989 518
2578 937 2739 1003 quod
2777 939 3073 1001 moriatur,
3112 948 3173 991 et
3207 938 3362 991 bona
3398 938 3576 1005 ipsius

1947 1011 2201 1065 debeant
2233 1013 2511 1079 publicari
2563 1022 2623 1067 et
2660 1015 2875 1067 domus
2908 1015 3147 1068 destrui.
3184 1015 3245 1068 Si
3282 1032 3421 1069 vero
3458 1032 3575 1069 11011

1947 1089 2273 1155 pervenerit
2324 1090 2381 1143 in
2420 1090 2645 1144 fortiam
2698 1092 3019 1145 communis
3073 1093 3415 1155 Cremonae,
3454 1108 3579 1159 per-

1948 1174 2127 1231 petuo
2150 1165 2474 1231 banniatur,
2496 1168 2573 1220 de
2596 1183 2736 1235 quo,
2762 1168 2942 1221 modo
2963 1168 3163 1235 aliquo
3196 1185 3298 1223 5811
3324 1169 3576 1235 ingenie,

1949 1258 2067 1295 11011
2104 1243 2289 1308 possit
2338 1260 2443 1297 1188
2498 1244 2710 1299 debeat
2742 1245 2799 1297 in
2836 1253 3181 1313 perpetuum
3220 1246 3439 1299 extrahi
3478 1262 3581 1313 per

1949 1320 2253 1373 consilium
2288 1321 2377 1373 vel
2414 1336 2517 1387 per
2553 1337 2855 1387 arengum.
2884 1323 2959 1375 Et
2981 1323 3223 1376 eaedem
3262 1338 3446 1389 penae
3471 1324 3580 1377 sibi

1951 1397 2145 1449 locum
2180 1397 2489 1451 vendicent
2523 1406 2723 1451 contra
2776 1397 2905 1451 illos
2949 1398 3050 1465 qui
3102 1406 3443 1453 tractassent
3474 1416 3580 1454 seu

1952 1473 2073 1525 fieri
2108 1473 2377 1527 fecissent
2412 1475 2711 1529 malleficia
2746 1476 3055 1542 praedicta.
3096 1476 3167 1529 Et
3191 1476 3249 1529 in
3276 1475 3580 1542 praedictis

1950 1550 2222 1603 omnibus
2258 1559 2317 1604 et
2348 1550 2590 1617 singulis
2623 1552 2895 1605 dominus
2932 1552 3176 1607 vicarius
3210 1568 3486 1618 praesens
3522 1562 3581 1608 et

1951 1628 2175 1680 futurus
2210 1628 2462 1681 habeant
2512 1629 2749 1696 plenum
2786 1636 2845 1681 et
2879 1628 3127 1682 liberum
3162 1629 3459 1683 arbitrium
3498 1630 3580 1681 in-

1951 1704 2219 1771 quirendi
2252 1705 2627 1771 procedendi,
2664 1705 3147 1771 praecedentibus
3180 1706 3453 1773 legitimis
3488 1705 3581 1759 in-

1955 1781 2119 1835 diciis
2152 1792 2211 1835 et
2244 1783 2388 1846 sine,
2410 1799 2475 1836 ac
2503 1790 2673 1849 prout
2696 1792 2755 1837 et
2778 1783 2925 1837 sicut
2947 1783 3003 1836 ei
3038 1784 3245 1837 melius
3270 1783 3577 1845 videbitur,

1955 1875 2059 1925 pro
2096 1859 2444 1913 inveniendo
2496 1860 2795 1915 veritatem
2847 1860 3107 1926 ipsorum
3142 1860 3578 1915 maleficiorum.

1956 1937 2031 1989 Et
2066 1936 2176 1989 hoc
2210 1945 2489 1991 statutum
2515 1937 2589 1991 sit
2609 1946 2879 1991 truncum
2906 1944 2965 1989 et
3000 1936 3431 2003 derogatorium
3467 1944 3578 1991 ete.

2721 2142 2807 2191 32.

2063 2262 2229 2326 Quod
2258 2262 2475 2315 banniti
2504 2262 2573 2315 de
2606 2264 2975 2407 maffiftzfdia
3003 2264 3229 2331 possint
3256 2264 3484 2330 impune

2657 2357 2691 2393 o
2736 2356 2769 2393 e
2844 2360 2884 2393 z.

2022 2476 2170 2529 Item
2207 2475 2415 2529 eodem
2454 2474 2760 2529 millesimo
2796 2476 3109 2530 indictione
3144 2485 3204 2530 et
3239 2490 3439 2529 11181158
3472 2483 3586 2529 518-

1954 2560 2143 2607 tutum
2179 2561 2238 2606 et
2288 2552 2617 2607 ordinatum
2671 2561 2777 2615 est,
2829 2553 2987 2620 quod
3038 2568 3243 2606 omnes
3279 2561 3337 2607 et
3371 2550 3581 2619 singuli

1955 2629 2175 2683 banniti
2209 2629 2284 2683 de
2320 2630 2689 2693 malexardia,
2727 2637 2845 2684 tam
2882 2630 2981 2697 qui
3018 2629 3209 2695 scripti
3246 2637 3381 2683 sunt
3426 2629 3485 2682 in
3520 2629 3583 2681 li-

1956 2706 2074 2759 bris
2109 2706 2577 2769 bandezatorum,
2633 2722 2809 2774 quam
2866 2715 2923 2761 et
2978 2706 3052 2760 illi
3095 2707 3195 2774 qui
3232 2706 3423 2773 scripti
3462 2722 3579 2759 non

1953 2792 2107 2846 sunt,
2146 2783 2247 2851 qui
2280 2791 2477 2837 tamen
2515 2783 2800 2837 hahentur
2840 2798 2945 2849 pro
2982 2781 3315 2837 bandezatis
3350 2782 3425 2835 de
3462 2799 3580 2836 ma-

1954 2860 2209 2915 lexardia
2244 2876 2347 2925 per
2398 2861 2644 2915 sormam
2694 2860 2933 2913 alicuius
2976 2860 3204 2915 statutis
3254 2860 3580 2913 communis

1956 2936 2045 2989 vel
2081 2937 2279 3003 populi
2333 2938 2676 3000 Cremonae,
2732 2937 2953 3003 possint
3000 2936 3235 3003 impune
3272 2936 3486 2989 offendi
3524 2936 3581 2988 in

1953 3030 2125 3067 avere
2160 3022 2219 3067 et
2253 3013 2534 3080 personis,
2574 3014 2647 3067 Et
2668 3014 2829 3081 quod
2854 3013 3157 3067 occasione
3191 3012 3373 3081 ipsius
3406 3013 3585 3067 offen-

1953 3091 2133 3145 sionis
2168 3090 2361 3159 aliqua
2395 3090 2687 3144 accusatio
2735 3106 2853 3143 non
2890 3090 3075 3158 possit
3108 3106 3217 3143 nec
3251 3090 3465 3144 debeat
3495 3106 3581 3143 18-

1954 3168 2086 3234 cipi,
2126 3184 2231 3221 nec
2266 3167 2565 3235 inquisitio
2615 3167 2867 3230 formari,
2908 3168 2999 3220 vel
3034 3166 3242 3235 aliquis
3278 3182 3584 3234 processus

1957 3244 2099 3298 fieri.
2139 3245 2213 3297 Et
2258 3244 2307 3297 si
2344 3254 2573 3311 recepta
2622 3245 2769 3297 foret
2820 3245 2911 3297 vel
2964 3258 3269 3310 processus
3320 3243 3469 3297 soret
3503 3244 3584 3297 in-

1955 3322 2197 3376 choatus
2232 3338 2334 3388 per
2368 3330 2619 3375 rectores
2652 3321 2741 3375 vel
2777 3321 2903 3376 eius
2929 3321 3165 3381 iudices,
3204 3319 3443 3375 ulterius
3466 3336 3585 3374 non

1955 3400 2320 3466 procedatur.
2361 3399 2435 3451 Et
2480 3399 2641 3465 quod
2694 3399 2890 3452 omnia
2932 3406 3145 3453 statuta
3180 3397 3477 3464 loquentia
3512 3398 3586 3452 de

1955 3475 2385 3529 offendentibus
2421 3475 2688 3529 bannitos
2712 3476 2787 3529 de
2812 3475 3114 3538 maleficiO,
3143 3475 3199 3527 in
3224 3473 3335 3527 illis
3358 3474 3586 3528 casibus

1959 3554 2013 3605 in
2053 3554 2265 3620 quibus
2319 3552 2538 3606 banniti
2584 3553 2807 3619 possint
2842 3552 3079 3618 impune
3116 3550 3351 3614 offendi,
3390 3550 3587 3604 vendi-

1958 3640 2091 3683 cent
2126 3629 2233 3681 sibi
2271 3630 2461 3681 locum
2490 3629 2543 3682 in
2571 3628 2825 3681 savorem
2854 3636 2911 3681 et
2932 3628 3329 3681 defensionem
3355 3626 3585 3681 illorum

1959 3706 2060 3775 qui
2094 3706 2471 3761 offendissent
2506 3722 2608 3759 seu
2645 3705 3007 3759 offenderent
3030 3705 3297 3759 bannitos
3318 3704 3393 3757 de
3415 3704 3589 3758 male-

1959 3784 2178 3845 xardia,
2217 3798 2319 3837 seu
2358 3783 2459 3849 qui
2503 3782 2723 3837 banniti
2774 3783 2847 3835 de
2902 3782 3251 3835 malexardia
3304 3781 3589 3835 habentur

1959 3868 2018 3913 et
2054 3868 2321 3914 tenentur
2358 3860 2448 3912 vel
2484 3876 2613 3913 esse
2649 3859 3061 3925 intelliguntur,
3106 3858 3429 3913 secundum
3479 3858 3589 3911 sor-

1960 3954 2115 3991 mam
2152 3937 2391 3991 alicuius
2424 3937 2620 3991 statuti
2656 3937 2983 3991 communis
3010 3937 3101 3990 vel
3129 3935 3349 4003 populi.
3379 3934 3451 3987 Et
3474 3935 3587 3989 hoc

1959 4022 2237 4067 statutum
2274 4014 2347 4069 sit
2383 4022 2669 4078 truncum,
2704 4020 2817 4067 etc.

2723 4225 2810 4275 33·

1965 4348 2131 4413 Quod
2174 4347 2489 4401 rectoribus
2533 4346 2771 4415 adiungi
2818 4364 2929 4400 non
2974 4348 3201 4415 possint
3246 4347 3429 4413 aliqui
3469 4346 3589 4413 offi-

2025 4426 2196 4477 ciales
2246 4425 2513 4491 expensis
2564 4426 2879 4477 communis
2912 4428 2970 4478 et
2998 4426 3065 4477 de
3099 4427 3285 4478 cetero
3334 4440 3447 4476 non
3483 4425 3589 4475 lta-

2028 4502 2193 4554 beant
2221 4500 2577 4554 soldalerios.

2030 4640 2177 4691 Item
2215 4638 2425 4691 eodem
2464 4636 2770 4692 millesimo
2805 4637 3121 4692 indictione
3156 4646 3217 4691 et
3252 4652 3454 4690 11181158
3480 4644 3591 4689 sta-

1961 4722 2151 4768 tutum
2186 4723 2245 4769 et
2268 4714 2597 4768 ordinatum
2621 4722 2728 4775 est,
2754 4714 2915 4781 quod
2942 4713 3341 4782 praesentibus
3378 4713 3591 4765 vicario

1959 4800 2018 4845 et
2053 4792 2355 4858 capitaneo
2378 4792 2467 4845 vel
2493 4807 2696 4846 eorum
2722 4791 3169 4851 successoribuS,
3194 4790 3370 4843 modo
3394 4790 3590 4855 aliquo

1959 4870 2051 4923 vel
2088 4869 2319 4935 ingenio
2356 4869 2413 4921 in
2448 4868 2647 4936 aliquo
2688 4868 2931 4921 consilio
2965 4868 3201 4934 publico
3236 4868 3325 4921 vel
3360 4866 3589 4934 privato

1960 4946 2211 5012 generali
2248 4962 2351 4999 seu
2386 4945 2619 5012 speciali
2644 4960 2751 4997 nec
2776 4959 2879 5009 per
2910 4944 3164 5011 aliquam
3200 4944 3590 5011 provisionem

1961 5038 2063 5075 seu
2100 5022 2337 5088 aliquod
2374 5022 2688 5088 capitulum
2725 5021 3053 5074 communis
3090 5022 3431 5081 Cremonae,
3471 5034 3587 5071 11011

1961 5100 2145 5165 possit
2178 5098 2301 5151 dari
2337 5113 2440 5151 seu
2494 5098 2730 5163 adiungi
2784 5096 2993 5164 aliquis
3044 5097 3302 5151 officialis
3338 5112 3445 5149 1188
3478 5096 3589 5147 sub

1961 5177 2129 5229 titulo
2165 5175 2369 5229 iudicis
2422 5174 2617 5229 militis
2674 5190 2777 5227 seu
2828 5175 3032 5229 notarii
3090 5192 3195 5227 nec
3246 5174 3441 5240 aliquo
3476 5171 3591 5223 alio

1963 5254 2161 5313 mod0,
2201 5252 2347 5305 ultra
2383 5251 2511 5304 illos
2546 5266 2697 5318 quos
2740 5267 2940 5305 secum
2978 5252 3193 5303 habent
3228 5266 3329 5302 seu
3378 5248 3589 5301 habere

1962 5329 2181 5382 debent
2214 5328 2537 5381 secundum
2572 5328 2818 5381 sormam
2868 5336 3215 5381 statutorum
3253 5334 3312 5378 et
3344 5340 3591 5377 conven-

1959 5407 2205 5460 tionum.
2248 5406 2320 5458 Et
2356 5404 2513 5472 quod
2558 5406 2633 5458 de
2686 5413 2879 5459 cetero
2932 5404 3138 5471 aliquis
3191 5402 3433 5456 vicarius
3486 5416 3587 5455 seu

1959 5484 2311 5550 capitaneus,
2348 5482 2448 5553 qui
2484 5482 2759 5551 deinceps
2794 5481 3076 5547 eligentur
3111 5482 3183 5535 ad
3222 5480 3477 5547 regimen
3510 5478 3586 5533 ci-
