4050 6109
551 307 666 349 120

537 555 762 608 terrae
806 545 1050 607 Mosae
1093 555 1162 607 et
1206 564 1334 627 pro
1378 546 1618 607 tabula
1659 545 1847 626 apud
1873 564 2167 618 murum,

535 649 606 702 et
651 639 856 702 unius
901 638 1246 702 inforciati
1294 639 1380 701 de
1425 639 1602 702 libra
1648 641 1794 720 (per
1837 639 2068 701 libbra
2098 639 2167 700 di

537 733 966 796 costo'della
1007 735 1192 816 casa)
1245 733 1332 795 de
1395 732 1718 796 domibus
1773 731 2167 795 Cremasco-

541 847 694 890 rum
741 837 810 890 et
853 827 1006 890 aliis
1051 827 1395 889 domibuS.
1453 826 1543 889 Et
1602 827 1976 896 correrius,
2048 847 2166 888 no-

537 921 724 983 rnine
768 921 1061 994 consilii,
1100 921 1282 983 iurat
1326 939 1567 982 omnes
1612 920 2053 984 venditiones
2099 931 2169 983 et

539 1026 760 1098 pacta,
808 1013 1010 1078 firma
1039 1024 1110 1077 et
1148 1023 1298 1076 rata
1341 1013 1412 1076 in
1456 1024 1868 1095 perpetuum
1915 1012 2164 1076 futura.

535 1235 749 1300 Anno
805 1257 980 1316 1209,
1027 1239 1145 1298 oct.
1195 1257 1253 1313 4,
1309 1234 1518 1298 XIII.
1567 1235 1663 1298 JV.
1711 1238 1855 1313 426.

608 1407 784 1458 Anno
807 1405 1096 1460 dominice
1133 1405 1538 1460 incarnationis
1565 1405 1869 1459 millesimo
1893 1406 2167 1460 ducente-

537 1483 688 1535 simo
723 1498 899 1546 non0,
937 1482 1225 1536 indicione
1273 1482 1694 1546 terciadecima,
1746 1482 1840 1536 die
1876 1483 2165 1537 dominice

541 1567 747 1627 quarto
771 1559 1006 1613 ineunte
1029 1561 1288 1620 octubre,
1328 1560 1381 1612 in
1421 1559 1653 1625 pallatio
1690 1575 1842 1612 novo
1878 1561 2165 1613 Cremone

538 1637 594 1688 in
633 1636 806 1702 pleno
855 1635 1127 1690 conscilio
1171 1637 1400 1702 pulsato
1435 1635 1509 1694 ad
1561 1652 1901 1704 campanam
1944 1647 2002 1689 et
2036 1653 2167 1690 coa-

539 1713 800 1766 dhunato
836 1722 894 1766 et
929 1713 1148 1767 cridato
1185 1730 1286 1780 per
1309 1713 1596 1766 civitatem
1631 1713 1791 1781 quod
1815 1729 2022 1766 omnes
2047 1731 2165 1766 cre—

536 1789 796 1843 denderii
833 1790 1080 1844 militum
1104 1798 1161 1843 et
1187 1790 1448 1856 peditum
1474 1800 1531 1842 et
1555 1791 1822 1843 consules
1845 1791 2162 1844 vicinarum

533 1875 591 1920 et
627 1867 1008 1933 paraticorum
1053 1876 1110 1920 et
1143 1868 1484 1920 societatum
1533 1867 1607 1919 ad
1643 1867 1894 1920 eundem
1932 1867 2166 1920 deveni-

535 1954 664 1998 rent
698 1944 1056 1998 conscilium.
1097 1943 1243 2010 Ipsis
1277 1944 1352 1996 ibi
1390 1933 1788 2004 coadhunatis,
1826 1960 2029 1997 eorum
2066 1961 2163 1997 vo-

537 2021 756 2074 luntate
781 2030 839 2073 et
862 2018 1135 2086 parabola
1164 2030 1220 2072 et
1244 2020 1532 2080 conscilio,
1553 2029 1830 2074 statutum
1852 2021 1974 2084 fuit,
2002 2021 2160 2088 quod

536 2097 802 2150 consules
851 2105 909 2150 et
953 2105 1206 2162 potestas
1250 2095 1348 2163 qui
1404 2107 1568 2150 erant
1614 2098 1700 2148 vel
1756 2114 1862 2163 pro
1902 2106 2163 2163 tempore

535 2181 704 2226 erunt
738 2181 1042 2226 teneantur
1077 2182 1437 2226 sacramento
1474 2184 1531 2226 et
1565 2174 1754 2226 iurare
1789 2174 2059 2236 debeant,
2087 2175 2163 2227 ita

537 2250 698 2316 quod
733 2249 1006 2316 parabola
1041 2267 1158 2304 non
1184 2250 1365 2316 possit
1398 2249 1522 2302 dari
1557 2267 1748 2316 neque
1783 2251 1901 2316 peti
1939 2250 1994 2302 in
2031 2267 2161 2304 con-

535 2326 695 2380 scilio
731 2327 820 2380 vel
857 2327 913 2378 in
950 2327 1228 2380 concione
1264 2327 1352 2379 vei
1389 2325 1502 2380 alio
1539 2328 1735 2389 mod0,
1775 2327 1932 2394 quod
1959 2343 2164 2382 omnes

536 2403 660 2456 illas
696 2403 1058 2456 investituras
1082 2413 1139 2456 et
1165 2403 1538 2464 vindicioneS,
1585 2421 1700 2471 que
1735 2404 1882 2457 facte
1919 2415 2087 2458 erunt
2131 2422 2163 2457 a

533 2479 786 2534 dominis
822 2480 1092 2533 Guielmo
1127 2481 1178 2532 T
1179 2481 1471 2534 allamatio
1505 2491 1562 2534 et
1599 2481 1909 2534 Arcimano
1943 2481 2020 2536 de
2066 2483 2165 2534 Sa-

537 2557 648 2610 lico
699 2565 758 2610 et
793 2557 1082 2610 Wuielmo
1135 2557 1208 2609 de
1263 2557 1586 2610 Comitibus
1639 2568 1695 2610 et
1742 2575 1774 2610 a
1830 2560 2044 2624 Iacopo
2088 2559 2163 2611 de

539 2634 828 2686 Ghixalba
863 2643 922 2686 et
943 2651 978 2686 a
1005 2635 1218 2699 Iacopo
1241 2634 1316 2685 de
1344 2635 1688 2688 Frixonibus
1724 2645 1782 2688 et
1805 2652 1840 2688 a
1869 2637 2163 2688 Bertramo

539 2711 614 2764 de
653 2710 1046 2764 Bonobecario
1081 2719 1140 2764 et
1175 2727 1208 2762 a
1243 2711 1514 2763 Conrado
1541 2712 1805 2764 Michaeli
1829 2721 1887 2764 et
1921 2712 2164 2764 Alberto

539 2787 614 2842 de
650 2789 876 2848 Crema,
914 2788 988 2841 de
1026 2788 1119 2841 illa
1154 2797 1313 2854 parte
1353 2790 1515 2840 Mose
1562 2805 1676 2854 que
1721 2789 1825 2842 fuit
1866 2790 2163 2854 designata

540 2875 598 2918 et
632 2865 976 2927 sconsulata,
1015 2874 1072 2917 et
1125 2865 1199 2916 de
1241 2874 1389 2917 terra
1440 2864 1648 2918 terralii
1700 2882 1813 2932 que
1867 2875 1956 2918 est
2007 2867 2161 2931 apud

537 2957 767 2994 murum
803 2941 1046 2995 civitatis
1082 2959 1114 2994 a
1151 2949 1312 3007 porta
1346 2943 1556 2995 Sancte
1591 2943 1792 2996 Crucis
1827 2943 1900 2995 ad
1937 2953 2161 3009 portam

539 3019 733 3072 Sancti
774 3017 1038 3072 Wuielmi
1093 3019 1180 3070 vei
1219 3019 1368 3085 plus,
1409 3020 1457 3072 si
1511 3019 1780 3085 predictis
1829 3019 2163 3073 consulibus

535 3095 799 3149 comunis
831 3095 1014 3149 silicet
1036 3097 1094 3150 d.
1123 3097 1309 3148 Ysaco
1345 3097 1417 3149 de
1444 3097 1694 3149 Dovaria
1727 3106 1785 3149 et
1820 3097 1876 3148 d.
1921 3098 2164 3150 Iohanni

535 3174 751 3226 Amato
787 3180 844 3226 et
879 3172 938 3224 d.
980 3173 1193 3225 Poncio
1233 3173 1442 3226 Piceno
1477 3184 1534 3226 et
1565 3174 2022 3239 superstantibus
2046 3175 2163 3239 pla-

535 3248 736 3310 cuerit,
774 3258 833 3301 et
866 3248 942 3300 de
987 3247 1257 3302 domibus
1309 3259 1366 3302 et
1411 3250 1574 3302 terris
1621 3251 2061 3304 Cremascorum
2104 3260 2162 3303 et

535 3325 681 3378 alliis
715 3326 987 3379 domibus
1022 3335 1080 3378 et
1108 3325 1280 3378 rebus
1313 3326 1732 3392 pertinentibus
1765 3327 1997 3380 comuni
2030 3329 2163 3379 Cre-

537 3418 730 3466 mone‚
756 3401 1053 3456 habebunt
1075 3411 1133 3456 et
1168 3403 1447 3456 tenebunt
1479 3403 1671 3456 firmas
1706 3413 1764 3456 et
1799 3413 1966 3464 rataS,
1995 3403 2159 3456 sicuti

533 3479 918 3533 continebitur
972 3479 1025 3531 in
1084 3479 1476 3532 instrumentis
1527 3479 1603 3531 ob
1657 3481 1766 3531 hoe
1821 3479 1998 3540 factiS,
2054 3496 2160 3532 nec

533 3565 730 3610 contra
788 3556 1021 3608 venient
1073 3556 1263 3622 aliqua
1317 3556 1639 3609 occasione.
1699 3557 1769 3609 Et
1821 3556 1980 3622 quod
2027 3567 2160 3610 ante

533 3648 734 3685 eorum
771 3633 990 3686 exitum
1027 3632 1236 3685 facient
1281 3631 1467 3684 iurare
1511 3641 1855 3698 potestatem
1900 3633 1988 3686 vel
2025 3650 2161 3686 con-

533 3709 706 3772 suleS,
745 3709 845 3777 qui
881 3710 938 3762 in
977 3709 1254 3774 regimine
1282 3710 1546 3762 comunis
1583 3711 1868 3763 Cremone
1899 3727 2027 3763 esse
2061 3711 2161 3763 de-

533 3787 691 3848 bent,
730 3786 808 3840 ita
832 3786 1106 3839 atendere
1141 3795 1198 3838 et
1222 3787 1530 3839 observare
1557 3796 1617 3839 ut
1653 3787 1915 3852 superius
1940 3788 2158 3841 dictum

533 3873 640 3925 est,
679 3879 784 3916 nec
820 3864 892 3917 de
930 3871 1144 3915 statuto
1181 3862 1390 3916 debeat
1427 3863 1534 3915 hoc
1571 3863 2036 3916 ordinamentum
2070 3865 2159 3916 vel

531 3948 810 3993 statutum
846 3939 1065 4006 extragi
1099 3940 1190 3993 vel
1227 3940 1502 3992 canzelari
1528 3941 1673 3993 alico
1711 3940 1905 4002 mod0‚
1945 3957 2051 3994 nec
2079 3958 2160 3993 ra-

529 4017 702 4083 spari.
745 4018 890 4069 Item
913 4025 1216 4070 teneantur
1241 4026 1598 4071 sacramento
1634 4017 1826 4070 exiere
1863 4017 2059 4070 fictum
2086 4019 2159 4070 ad

532 4095 806 4146 Sanctum
849 4093 1160 4146 Martinum
1209 4093 1298 4145 vel
1335 4093 1604 4159 duplum,
1642 4095 1688 4146 si
1735 4110 1851 4146 non
1887 4094 2159 4148 solverint

532 4171 605 4223 ad
642 4169 971 4232 terminum,
1011 4170 1088 4222 ita
1125 4169 1283 4236 quod
1321 4170 1506 4235 ipsum
1545 4170 1784 4236 duplum
1823 4185 1938 4222 non
1971 4171 2160 4224 dimit—

533 4257 682 4300 tetur
733 4261 842 4300 nec
898 4246 1268 4312 perdonetur,
1323 4256 1381 4299 et
1433 4247 1505 4300 de
1559 4247 1692 4300 ficto
1745 4255 1802 4300 et
1854 4247 1928 4299 de
1978 4247 2159 4314 duplo

529 4322 778 4378 exiendo
815 4323 869 4374 in
906 4331 1266 4376 sacramento
1302 4324 1564 4376 comunis
1613 4324 2012 4377 massariorum
2060 4341 2161 4392 pc·

533 4409 718 4452 natur.
760 4401 904 4452 Item
941 4406 1244 4453 teneantur
1267 4399 1450 4452 facere
1475 4416 1692 4466 ponere
1719 4401 1774 4453 in
1801 4402 1958 4454 brevi
1985 4419 2158 4468 supra

531 4492 708 4544 quem
744 4475 1049 4528 circatores
1083 4475 1268 4528 iurare
1307 4475 1548 4538 debent,
1586 4476 1742 4542 quod
1783 4492 1899 4529 non
1950 4478 2159 4531 sacient

530 4553 718 4606 iurare
754 4551 880 4605 illos
916 4551 1180 4604 homines
1215 4551 1315 4618 qui
1353 4552 1650 4605 habebunt
1685 4561 1741 4606 et
1777 4556 2057 4608 tenebunt
2084 4554 2157 4607 de

531 4628 801 4696 predictis
831 4629 1005 4683 rebus
1039 4628 1114 4680 de
1151 4629 1284 4682 ficto
1321 4629 1530 4686 soluto,
1569 4630 1726 4695 prius
1761 4647 1936 4696 quam
1962 4631 2159 4685 inven-

531 4719 652 4760 tum
691 4705 859 4759 suerit
894 4706 950 4758 in
987 4705 1133 4758 libro
1171 4706 1574 4759 massariorum
1611 4706 1874 4760 comunis
1917 4708 2015 4774 qui
2053 4725 2157 4774 pro

531 4795 792 4850 tempore
830 4783 1038 4834 fuerint
1074 4782 1228 4848 ipsos
1262 4783 1502 4835 solvisse
1539 4783 1685 4844 ficta,
1725 4784 1871 4838 sicut
1905 4784 2159 4838 contine-

531 4862 697 4914 batur
735 4860 787 4912 in
826 4859 994 4912 cartis
1029 4858 1249 4912 testatis
1283 4858 1357 4911 ob
1389 4859 1497 4912 hoc
1524 4859 1702 4913 sactis,
1745 4861 1890 4913 Item
1925 4870 2159 4914 tenean-

529 4947 621 4990 tur
673 4937 861 4989 sacere
915 4936 1102 4989 iurare
1156 4935 1561 4989 credenderios
1613 4946 1670 4990 et
1713 4937 1856 4990 alios
1893 4937 2159 4990 homines

531 5016 574 5066 C
583 5030 818 5067 remoue
843 5013 1000 5066 omni
1025 5028 1200 5076 ann0,
1227 5020 1284 5066 et
1307 5012 1364 5066 in
1391 5027 1594 5066 eorum
1619 5013 1889 5066 brevibus
1912 5023 2159 5080 ponatur

530 5108 703 5157 supra
739 5089 901 5158 quod
937 5089 1122 5144 iurare
1144 5089 1378 5154 debent,
1416 5090 1575 5157 quod
1602 5090 1756 5144 bona
1791 5090 1905 5144 fide
1942 5099 1999 5144 et
2035 5090 2158 5146 sine

530 5167 688 5219 omni
725 5166 924 5220 fraude
960 5166 1181 5219 dabunt
1215 5183 1452 5233 operam
1490 5167 1648 5233 quod
1691 5183 1895 5220 omnes
1929 5167 2157 5222 investi-

529 5255 684 5297 turas
721 5253 777 5296 et
812 5243 1168 5296 vindiciones
1206 5244 1380 5296 saetas
1416 5261 1449 5296 a
1489 5244 1656 5296 dictis
1700 5243 2157 5309 superstantibus

529 5329 696 5374 erunt
731 5321 892 5371 firme
928 5329 984 5370 et
1022 5319 1254 5372 stabiles
1291 5329 1348 5372 et
1383 5319 1542 5386 quod
1581 5336 1678 5372 eas
1716 5319 2023 5384 infringere
2060 5321 2156 5373 ali-

531 5413 650 5464 quo
687 5396 862 5449 modo
917 5397 970 5448 in
1011 5405 1196 5450 toturn
1235 5413 1340 5448 nec
1396 5397 1449 5448 in
1503 5406 1664 5462 parte
1711 5398 2004 5450 conabum
2051 5414 2156 5449 nec

531 5489 800 5542 rumpere
859 5473 1208 5540 permittent.
1268 5474 1338 5526 Et
1393 5472 1470 5526 ita
1531 5473 1769 5539 Egidius
1827 5473 2157 5540 Burigacius

1547 303 1816 352 CODICE
1862 290 2383 354 DIPLOMATIC'O
2430 303 2888 354 CREMONESE

2267 556 2575 619 correrius,
2614 555 2888 622 parabola
2934 556 3451 623 suprascriptorum
3486 557 3789 610 consulum
3838 569 3895 612 et

2265 632 2451 686 tocius
2486 633 2758 695 conscilii,
2794 633 3001 686 iuravit
3032 633 3329 687 atendere.

2338 711 2543 778 Ibique
2579 711 2811 765 fuerunt
2864 711 3047 778 rogati
3099 709 3370 766 dominus
3417 711 3805 766 Tallamacius
3840 723 3897 766 et

2269 788 2603 844 Manfredus
2640 788 2712 840 de
2758 789 2919 840 Gazo
2972 796 3031 841 et
3087 787 3370 854 Rogerius
3422 789 3639 856 Biaqua
3672 799 3731 842 et
3769 791 3898 842 Ber-

2266 867 2459 920 nerius
2517 865 2791 918 Mastaius
2839 873 2897 918 et
2954 864 3307 918 Oldofredus
3358 865 3433 919 de
3486 867 3789 919 casamala
3842 876 3898 919 et

2268 943 2573 996 Baiamons
2608 941 2681 994 de
2730 941 3045 995 Ottonibus
3098 951 3157 994 et
3202 943 3459 996 Luianus
3494 953 3553 996 et
3606 943 3895 996 Robertus

2266 1020 2487 1072 Mosius
2523 1027 2581 1072 et
2618 1019 2923 1072 GuieImus
2962 1019 3257 1072 MastaiuS.

2334 1124 2375 1187 -ι-
2412 1123 2539 1187 Ego
2574 1122 2935 1176 Ambrosius·
2972 1122 3257 1175 Frixonus
3290 1123 3437 1175 sacri
3472 1123 3693 1189 pallacii
3730 1134 3893 1176 nota-

2266 1199 2382 1252 rius
2419 1199 2645 1253 interfui
2681 1207 2739 1252 et
2775 1199 2923 1252 hanc
2956 1207 3173 1254 cartam
3194 1209 3433 1266 rogatus
3466 1200 3687 1266 scripsi.

2349 1393 2407 1454 Il
2452 1393 2703 1475 giorno
2748 1394 2955 1476 dop0‚
3004 1415 3038 1474 5
3085 1398 3380 1467 ottobre,
3414 1396 3756 1460 comincia
3788 1417 3893 1458 su-

2264 1488 2411 1550 bito
2456 1487 2523 1549 la
2567 1489 2853 1550 vendita
2879 1508 3012 1551 con
3042 1489 3179 1552 due
3208 1509 3369 1553 case
3398 1491 3581 1552 nella
3635 1489 3897 1553 thct‘m’a

2263 1579 2549 1644 beccarie
2592 1581 2657 1644 A
2673 1581 2943 1644 riberti:
3000 1582 3245 1646 risulta
3302 1586 3432 1646 che
3478 1585 3535 1646 si
3588 1585 3897 1645 incanta-

2265 1694 2446 1736 vano
2508 1675 2607 1758 gli
2672 1675 2903 1738 stabili
2949 1695 2987 1738 e
3032 1677 3092 1740 si
3146 1679 3419 1740 davano
3464 1679 3529 1740 al
3574 1677 3895 1758 migliore

2264 1765 2618 1831 offerente.
2666 1769 3051 1832 Volendosi
3095 1770 3207 1832 dal
3252 1783 3689 1853 compratore
3735 1771 3893 1832 alie-

2262 1881 2429 1924 nare
2474 1863 2541 1923 lo
2588 1863 2836 1926 stabile
2882 1863 2940 1926 si
2986 1865 3263 1926 doveva
3298 1865 3509 1926 darne
3542 1865 3804 1927 notizia
3834 1866 3897 1925 al

2263 1955 2591 2028 Comune,
2635 1976 2673 2018 e
2720 1957 2999 2020 cederlo
3043 1977 3085 2019 a.
3126 1959 3244 2030 lui,
3297 1979 3340 2020 a
3398 1978 3601 2020 meno
3671 1958 3741 2019 di
3804 1978 3894 2019 un

2261 2061 2456 2111 tanto
2502 2050 2832 2122 stabilite,
2877 2070 2953 2112 se
2997 2052 3065 2112 10
3114 2053 3366 2114 voleva
3394 2073 3793 2133 comprare;
3830 2055 3891 2115 in

2262 2163 2426 2205 caso
2472 2143 2753 2206 diverso
2796 2145 2847 2206 il
2890 2145 3197 2208 Comune
3242 2146 3521 2208 doveva
3560 2167 3774 2210 avere
3808 2168 3893 2208 un

2263 2247 2457 2299 tanto
2516 2257 2643 2317 per
2698 2238 3159 2301 l’investitura
3225 2241 3483 2320 (diritto
3552 2242 3621 2302 di
3678 2243 3894 2322 prela-

2263 2329 2459 2392 zione
2502 2349 2541 2390 e
2586 2331 2977 2412 laudemio).

2346 2424 2443 2485 Le
2486 2444 2693 2505 pezze
2739 2425 2811 2487 di
2854 2437 3059 2499 terra,
3119 2447 3164 2488 0
3217 2427 3393 2499 lotti,
3456 2428 3639 2490 della
3697 2429 3895 2490 Mosa

2263 2537 2471 2582 erano
2518 2519 2587 2579 di
2634 2520 2914 2583 diversa
2956 2519 3235 2583 misura.

2264 2718 2477 2782 Anno
2511 2741 2686 2798 1209,
2723 2725 2835 2783 ott.
2867 2728 2963 2792 28,
2996 2721 3197 2792 XIII,
3233 2723 3616 2784 Cremonae.
3652 2721 3747 2782 Ν.
3786 2741 3888 2798 142

2346 2818 2515 2875 sotto
2561 2813 2628 2875 la
2676 2814 2941 2876 rubrica
2990 2837 3023 2874 «
3076 2815 3183 2876 De
3228 2813 3547 2898 terragiis*
3594 2836 3654 2875 ι».

2345 2952 2424 3014 In
2471 2961 2718 3032 questo
2765 2951 3015 3032 giorno
3070 2951 3410 3014 comincia
3476 2953 3543 3014 la
3610 2953 3891 3013 vendita

2262 3046 2375 3108 del
2416 3046 2769 3127 terragliO,
2808 3045 3248 3108 coll‘incanto
3295 3045 3364 3108 di
3397 3065 3532 3108 una
3560 3045 3889 3126 porzione

2262 3141 2329 3201 di
2378 3160 2536 3202 esso
2595 3138 2825 3201 vicino
2870 3140 2937 3201 al
2996 3159 3193 3206 muro
3239 3139 3420 3200 della
3478 3137 3665 3210 citta,
3716 3138 3891 3200 inter

2257 3238 2521 3314 portam
2568 3234 2638 3295 S.
2696 3232 2929 3296 Crucis
2974 3237 3042 3294 et
3086 3231 3275 3294 illam
3314 3233 3385 3296 S.
3426 3231 3733 3294 Gm‘elmi
3754 3231 3887 3294 sive:

2260 3327 2329 3390 S,
2374 3328 2619 3390 Lucae.
2664 3326 2721 3388 11
2759 3326 3009 3408 giorno
3056 3327 3240 3407 dopo
3287 3347 3363 3388 se
3394 3346 3481 3388 ne
3528 3327 3757 3388 vende
3800 3347 3885 3386 un

2260 3422 2437 3484 altro
2481 3441 2691 3502 pezzo
2739 3420 2919 3483 inter
2954 3425 3227 3503 portam
3260 3421 3331 3482 S.
3378 3422 3604 3482 Lucae
3634 3425 3705 3481 ct
3735 3427 3884 3502 por-

2260 3519 2395 3577 tam
2458 3513 2832 3576 'l'z'ntorunu
2881 3515 2962 3576 N.
3017 3533 3153 3592 152.

2342 3609 2372 3670 I
2418 3609 2612 3690 paui,
2658 3609 2769 3669 nei
2817 3608 2965 3670 vari
3021 3608 3428 3678 istrumenti‚
3478 3629 3651 3669 sono
3698 3609 3877 3668 iden·

2258 3703 2395 3765 tici.
2442 3703 2499 3764 11
2544 3713 2979 3782 compratore
3024 3701 3167 3782 puo
3219 3702 3655 3783 appoggiare
3705 3700 3875 3763 travi

2259 3799 2321 3859 al
2368 3816 2565 3858 muro
2613 3796 2793 3858 della
2839 3793 3003 3858 cittii
3067 3815 3191 3876 per
3248 3794 3424 3858 farvi
3480 3816 3691 3876 sopra.
3750 3795 3879 3856 edi-

2258 3890 2387 3962 fizi,
2434 3911 2472 3952 e
2519 3891 2791 3970 coprire
2836 3889 2884 3951 il
2930 3909 3147 3963 muro,
3218 3888 3287 3950 in
3354 3889 3557 3971 guisa
3623 3891 3753 3951 che
3817 3889 3877 3948 lo

2258 3984 2611 4046 stillicidio
2682 3985 2855 4045 eada
2922 4003 3125 4044 verso
3172 3982 3220 4044 il
3265 3981 3549 4044 fossato.
3596 3981 3793 4045 Oltre
3834 3981 3877 4041 il

2260 4097 2454 4140 muro
2501 4097 2639 4139 non
2686 4075 2827 4159 puo
2874 4076 3246 4159 spingersi.
3290 4077 3422 4138 Nel
3473 4096 3672 4138 muro
3736 4095 3877 4136 vec-

2258 4170 2416 4234 chio
2481 4191 2615 4233 non
2685 4169 2825 4251 puo
2894 4168 3036 4232 fare
3088 4179 3410 4250 aperture
3457 4169 3525 4232 di
3558 4183 3779 4232 sorta.
3824 4167 3873 4228 11

2258 4265 2564 4329 Comune
2612 4264 2669 4326 si
2713 4265 2979 4327 riserva
3023 4264 3072 4326 il
3115 4263 3353 4326 diritto
3401 4263 3469 4325 di
3518 4262 3875 4325 rafforzare

2256 4359 2305 4420 il
2348 4379 2545 4420 muro
2592 4379 2630 4420 e
2674 4357 2721 4420 il
2765 4356 3049 4430 fossatO,
3083 4377 3141 4428 e,
3180 4357 3250 4420 in
3282 4377 3442 4420 caso
3476 4355 3867 4420 diassedio.

2255 4452 2435 4536 quod
2477 4454 2669 4514 Deus
2712 4454 2994 4521 avertat,
3040 4450 3110 4512 di
3156 4449 3301 4513 fare
3359 4453 3423 4512 le
3492 4470 3703 4531 opere
3770 4469 3871 4509 nov

2256 4566 2575 4608 cessarle.

2256 4757 2467 4832 Anno
2525 4777 2703 4834 1209,
2768 4777 2914 4818 nov.
2977 4763 3032 4827 8,
3094 4755 3301 4827 XIII,
3374 4757 3753 4828 Cremonae,
3805 4753 3868 4814 ιή

2330 4849 2589 4932 palatio
2634 4869 2805 4912 novo
2851 4848 2923 4911 in
2956 4849 3162 4933 pleno
3208 4849 3505 4912 consilio,
3576 4851 3671 4911 JV.
3740 4867 3869 4926 390,

2337 4947 2508 5005 sotto
2554 4943 2621 5006 la
2664 4942 2937 5006 rubrica
2985 4965 3020 5004 «
3064 4944 3181 5006 De
3224 4944 3425 5006 Mosa
3473 4965 3530 5005 ».

2338 5081 2849 5162 SuperstanteS,
2875 5080 2962 5144 de
2993 5081 3352 5146 voluntate
3370 5080 3611 5144 Poncii
3628 5081 3867 5144 Pizeno

2256 5189 2325 5238 et
2366 5175 2695 5239 Iohannis
2741 5175 2986 5238 Amati
3032 5177 3395 5238 consulum
3454 5186 3523 5237 et
3590 5167 3865 5242 consilii,

2257 5270 2537 5331 solvunt
2582 5267 2915 5349 Oprando
2958 5269 3481 5332 Bucadevetula
3516 5279 3586 5332 et
3616 5265 3866 5331 Allario
3992 5301 3994 5353 Ι

2258 5367 2341 5426 de
2411 5366 2735 5427 Riboldis
2804 5365 3157 5428 massariis
3217 5367 3355 5428 duo
3418 5365 3633 5428 millia
3675 5365 3861 5427 libra-

2256 5479 2411 5520 rum
2442 5459 2967 5522 inforciatorum
3016 5483 3049 5522 0«
3082 5479 3209 5542 pro
3250 5460 3605 5523 solvendis
3650 5459 3717 5558 in
3759 5459 3861 5518 de-
