4050 6109
533 300 614 360 30

1539 297 1806 347 CODICE
1851 297 2369 349 DIPLOMATICO
2412 300 2866 352 CREMONESE

527 544 769 599 civitatis
804 562 906 599 seu
960 554 1277 600 castrorum
1321 547 1409 599 vel
1446 548 1702 601 locorum
1741 549 1983 602 civitatis
2020 551 2153 603 Cre—

531 638 758 687 monae,
797 624 885 676 vel
922 624 996 677 de
1049 623 1316 677 incendio
1369 640 1471 678 seu
1525 624 1802 679 incisione
1857 626 2152 680 vinearum

3247 436 3338 441 --—..
3345 436 3828 443 *φφ-..ὴ
3835 438 3869 443 -.

2255 550 2451 617 viginti
2489 552 2669 604 soldis
2692 553 2917 618 imper„
2944 559 3003 605 et
3037 551 3084 605 si
3108 554 3182 605 ab
3215 552 3349 605 inde
3375 570 3567 619 supra,
3604 555 3875 606 condem-

2252 636 2421 681 netur
2454 628 2511 681 in
2552 630 2658 681 XX
2696 629 2873 681 soldis
2932 628 3135 694 imper.
3188 647 3291 695 pro
3332 631 3593 697 quolibet
3628 632 3874 683 sextario

528 716 629 753 seu
661 701 735 753 de
769 700 966 767 aliquo
1001 700 1212 754 delicto
1247 702 1545 767 ingerente
1590 718 1798 769 penam
1835 704 2151 769 sanguinis,
2202 735 2206 770 ,
2254 714 2311 757 et
2348 704 2403 757 in
2438 705 2749 757 amissione
2785 705 2918 759 salis
2952 722 3153 759 emens
3188 715 3246 759 et
3282 707 3561 760 vendens,
3600 708 3673 760 Et
3720 709 3875 773 quod

529 778 690 843 quod
725 778 997 843 puniatur
1032 788 1090 831 et
1125 779 1543 834 condemnetur
1579 780 1635 832 in
1675 780 1720 832 L
1757 780 1912 834 libris
1947 781 2151 847 imper.

532 854 605 907 Et
640 854 798 921 quod
837 855 986 917 villa,
1043 863 1292 909 castrum
1348 873 1450 909 seu
1505 857 1664 910 locus
1719 857 1774 910 in
1813 874 1932 925 quo
1967 858 2154 911 dictus

529 932 799 984 bannitus
818 940 1205 997 receptaretur
1218 933 1428 986 debeat
1453 934 1824 987 condemnari
1850 934 1903 986 in
1929 937 1974 987 L
1997 935 2155 987 libris

529 1008 730 1073 imper.
769 1017 827 1061 et
861 1010 1128 1062 consules
1165 1009 1220 1062 in
1246 1009 1446 1063 decem
1472 1011 1630 1063 libris
1657 1012 1792 1076 imp.
1834 1011 1938 1065 nisi
1965 1011 2152 1076 ipsum

529 1084 702 1137 talem
739 1085 1038 1139 bannitum
1091 1087 1346 1151 ceperint
1391 1095 1451 1139 et
1485 1088 1972 1153 praesentaverint
2006 1104 2157 1140 com-

533 1163 693 1214 muni
728 1162 1070 1225 Cremonae,
1110 1164 1197 1214 vel
1236 1164 1436 1216 saltem
1469 1164 1882 1217 notificaverint
1917 1166 2156 1218 domino

533 1238 764 1301 vicario,
803 1254 905 1292 seu
942 1240 1066 1292 eius
1104 1240 1273 1292 iudici
1310 1240 1384 1291 ad
1411 1240 1690 1293 maleficia
1726 1240 2027 1306 deputato,
2056 1241 2155 1293 do-

534 1332 693 1368 mum
731 1315 788 1369 in
831 1333 946 1382 qua
1001 1324 1389 1381 receptaretur
1444 1334 1546 1371 seu
1602 1326 1922 1371 moraretur
1969 1320 2156 1371 dictus

533 1392 818 1446 bannitus,
878 1394 950 1445 Et
989 1393 1098 1445 hoc
1147 1402 1424 1447 statutum
1479 1395 1550 1447 sit
1603 1404 1868 1447 truncum
1906 1403 1963 1449 et
1999 1412 2157 1463 prae-

532 1468 712 1522 cisum
739 1478 796 1521 et
821 1470 1084 1522 ultimum
1111 1480 1168 1523 et
1191 1470 1619 1537 derogatorium
1647 1471 1918 1525 omnibus
1943 1472 1998 1525 in
2024 1488 2159 1525 con-

533 1546 768 1599 trarium
804 1545 1191 1613 loquentibus.

1298 1748 1379 1799 15.

537 1852 629 1905 De
653 1858 803 1919 pena
846 1853 1264 1919 descaregantis
1307 1857 1401 1905 vel
1428 1855 1720 1906 alebrantis
1762 1854 2010 1920 aliquam
2055 1872 2159 1906 na-

603 1929 719 1982 vim
777 1929 1193 1982 mercatandiae
1243 1931 1364 1982 sine
1411 1930 1691 1996 parabola
1745 1931 2159 1983 massariorum

596 2006 836 2135 ῗαέἴοίῖί
846 2008 904 2058 et
933 2006 1000 2058 de
1031 2005 1424 2059 securitatibus
1457 2006 1792 2073 recipiendis
1832 2008 1910 2059 ad
1931 2011 2159 2073 pontem

605 2203 750 2254 Item
789 2201 994 2254 eodem
1035 2200 1338 2253 millesimo
1377 2200 1685 2254 indictione
1721 2211 1778 2255 et
1817 2218 2014 2255 mense
2050 2211 2161 2254 sta-

533 2288 724 2332 tutum
749 2286 807 2332 et
834 2278 1162 2330 ordinatum
1187 2286 1292 2339 est,
1319 2277 1478 2343 quod
1504 2278 1696 2345 aliqua
1722 2278 1882 2331 navis
1919 2278 2160 2331 alicuius

539 2354 959 2407 mercatandiae
995 2370 1222 2407 sursum
1259 2355 1494 2407 veniens
1529 2370 1632 2419 per
1665 2354 1878 2407 flumen
1919 2355 2052 2407 Padi
2087 2355 2158 2406 ad

537 2432 824 2485 civitatem
863 2432 1184 2483 Cremonae
1221 2448 1338 2483 non
1373 2432 1554 2497 possit
1592 2448 1698 2483 nec
1732 2433 1943 2485 debeat
1980 2432 2037 2483 in
2065 2432 2161 2483 ali-

537 2525 652 2574 qua
689 2516 848 2575 parte
884 2507 1171 2561 districtus
1199 2508 1519 2561 Cremonae
1544 2508 1900 2573 descaregari
1938 2509 2025 2561 vel
2050 2508 2162 2560 ale-

541 2585 702 2637 biari.
745 2586 817 2637 Et
851 2584 896 2637 si
934 2594 1133 2637 contra
1168 2584 1380 2637 sactum
1418 2584 1604 2647 suerit,
1645 2584 1804 2651 quod
1841 2586 1964 2650 ipsa
2002 2586 2161 2637 navis

539 2678 669 2714 curn
709 2662 846 2728 ipsis
883 2661 1284 2713 mercatandiis
1329 2661 1539 2714 debeat
1587 2662 1862 2727 publicari
1900 2670 1958 2715 et
1994 2661 2163 2714 deve-

541 2739 662 2791 nire
700 2738 754 2789 in
791 2753 1100 2790 commune
1137 2737 1482 2799 Cremonae,
1521 2745 1580 2790 et
1614 2738 1856 2804 quilibet
1891 2738 1964 2791 sit
1999 2754 2164 2789 accu-

541 2824 694 2867 sator
729 2824 788 2867 et
823 2814 1032 2867 habeat
1069 2812 1437 2867 medietatem
1475 2814 1670 2865 banni.
1711 2815 1797 2866 Eo
1821 2814 1979 2867 salvo
2003 2814 2161 2880 quod

541 2892 586 2943 si
623 2890 830 2957 aliquis
883 2890 1126 2943 voluerit
1161 2890 1408 2943 alebiare
1445 2890 1536 2942 vel
1571 2890 1804 2943 alebiari
1840 2891 2024 2943 facere
2060 2890 2165 2942 ali-

541 2985 720 3034 quam
755 2984 981 3028 navem,
1021 2966 1180 3033 quod
1235 2967 1344 3019 hoc
1397 2967 1607 3020 debeat
1659 2966 1980 3033 significare
2020 2984 2165 3020 mas·

542 3045 702 3097 sariis
728 3044 988 3110 gabellae
1025 3044 1348 3096 Cremonae
1383 3060 1484 3097 seu
1525 3044 1631 3096 illis
1667 3044 1768 3109 qui
1805 3060 1909 3109 pro
1945 3053 2166 3111 tempo-

542 3122 698 3175 ribus
722 3129 1053 3187 praeessent
1081 3120 1184 3186 ipsi
1205 3120 1486 3185 gabellae.
1505 3121 1576 3173 Et
1600 3120 1759 3187 quod
1781 3122 1887 3186 ipsi
1910 3121 2165 3173 massarii

541 3214 644 3251 seu
679 3198 772 3251 alii
810 3199 909 3265 qui
946 3206 1276 3263 praeessent
1328 3198 1514 3250 dictae
1571 3198 1830 3263 gabellae
1865 3206 2168 3251 teneantur

541 3277 787 3337 mittere,
802 3275 1069 3341 expensis
1091 3282 1491 3339 mercatorum,
1502 3274 1651 3328 duos
1663 3274 1750 3326 vel
1763 3290 1880 3327 unu
1887 3290 1943 3327 m
1955 3275 2167 3340 legales

543 3352 805 3405 homines
815 3351 888 3403 ad
901 3351 1214 3403 videndum
1226 3350 1477 3403 allebiari
1494 3352 1672 3417 ipsam
1686 3368 1890 3404 navem
1900 3391 1913 3404 .
1923 3353 1992 3404 Et
2008 3352 2165 3417 quod

543 3430 746 3482 notarii
783 3437 839 3481 et
875 3428 1147 3481 officiales
1195 3435 1410 3481 stantes
1454 3427 1529 3479 ad
1565 3436 1802 3493 pontem
1843 3428 2053 3481 Doxoli
2089 3437 2167 3482 te—

541 3514 785 3559 neantur
819 3505 1077 3570 accipere
1131 3504 1343 3557 bonam
1395 3505 1758 3558 securitatem
1811 3506 1885 3557 ab
1925 3505 2031 3557 illis
2067 3506 2165 3571 qui

540 3583 930 3635 conducerent
979 3598 1080 3634 seu
1134 3580 1380 3633 conduci
1439 3582 1690 3634 facerent
1747 3582 1822 3635 ad
1877 3582 2164 3635 civitatem

543 3660 832 3712 Cremone
868 3659 1019 3724 ipsas
1065 3674 1239 3710 naves
1275 3657 1350 3710 de
1393 3658 1784 3711 conducendis
1827 3659 1966 3724 ipsis
2015 3660 2169 3711 navi—

542 3738 656 3789 bus
691 3752 822 3788 cum
862 3734 1262 3787 mercatandiis
1312 3733 1388 3786 ad
1424 3734 1712 3788 civitatem
1750 3737 2073 3788 Cremonae
2110 3746 2167 3787 et

544 3812 618 3865 de
655 3828 771 3865 non
807 3811 1238 3875 descaregando
1277 3811 1412 3876 ipsis
1447 3813 1690 3864 navibus
1725 3812 1858 3863 alibi
1897 3828 2071 3879 quam
2094 3812 2166 3864 ad

544 3898 772 3956 portum
811 3888 1133 3941 Cremonae
1169 3897 1226 3941 et
1263 3888 1336 3941 de
1375 3888 1511 3954 ipsis
1548 3906 1662 3941 non
1702 3890 2037 3951 alebiandiS,
2073 3890 2169 3941 ali-

543 3975 630 4019 ter
665 3983 840 4033 quam
894 3965 1156 4031 superius
1191 3966 1534 4019 continetur.
1593 3966 1663 4018 Et
1715 3966 1888 4018 etiam
1943 3967 2167 4019 mittere

543 4052 848 4096 teneantur
899 4042 1136 4106 singulis
1189 4042 1392 4094 decem
1441 4041 1647 4094 diebus
1693 4042 1749 4094 in
1786 4043 2008 4108 scriptis
2045 4058 2168 4107 pre—

543 4119 712 4172 dictis
746 4119 1035 4172 massariis
1058 4134 1160 4170 seu
1190 4118 1297 4170 illis
1322 4119 1420 4185 qui
1446 4129 1752 4184 praeerunt
1778 4120 1882 4185 ipsi
1907 4119 2167 4185 gabellae

545 4196 924 4263 quantitatem
962 4195 1242 4248 dictarum
1283 4196 1516 4248 navium
1554 4204 1610 4247 et
1647 4196 2165 4248 mercatandiarum

546 4273 911 4326 existentium
950 4271 1005 4324 in
1040 4271 1204 4325 dictis
1243 4272 1515 4333 navibus»,-
1541 4272 1649 4325 sub
1676 4288 1826 4338 pena
1849 4274 2012 4325 XXV
2040 4273 2164 4326 libr.

547 4351 747 4416 imper.
787 4351 858 4401 Et
894 4349 1002 4401 hoc
1039 4356 1315 4401 statutum
1355 4350 1424 4401 sit
1461 4357 1726 4401 truncum
1765 4359 1822 4402 et
1857 4348 2163 4415 precisum,

548 4435 609 4480 ut
645 4442 835 4492 supra.

1319 4600 1398 4654 16.

702 4722 790 4777 De
814 4723 979 4790 penis
1013 4721 1365 4775 vendentium
1400 4724 1460 4776 et
1487 4724 1786 4775 ementium
1819 4724 2014 4775 salem.

621 4840 764 4895 Item
802 4842 1010 4894 eodem
1049 4841 1352 4894 millesimo
1391 4842 1698 4895 indictione
1736 4850 1792 4895 et
1829 4859 2028 4895 mense
2064 4851 2172 4894 sta-

548 4925 736 4972 tutum
774 4928 830 4972 et
866 4919 1194 4972 ordinatum
1232 4928 1338 4981 est,
1378 4919 1537 4987 quod
1568 4920 1760 4987 aliqua
1783 4936 2029 4986 persona
2053 4920 2171 4971 sive

549 4997 802 5048 mascula
838 4996 928 5048 vel
963 4996 1232 5058 foemina,
1270 4995 1407 5049 civis
1441 4996 1531 5048 vel
1556 4996 1796 5049 sorensis
1823 5013 1935 5049 non
1962 4996 2172 5049 audeat

550 5088 657 5125 nec
691 5081 1022 5137 praesumat
1056 5072 1307 5125 vendere
1343 5073 1432 5125 vel
1471 5072 1640 5125 vendi
1678 5072 1864 5127 facere
1893 5074 2071 5127 salem
2098 5074 2171 5126 ad

551 5149 836 5202 minutum
873 5150 932 5201 in
966 5150 1194 5202 civitate
1247 5150 1336 5201 vel
1383 5150 1672 5203 suburbiis
1709 5151 2030 5203 Cremonae
2066 5168 2173 5203 nec

549 5226 721 5279 etiam
759 5226 816 5278 in
854 5226 1128 5279 districtu.
1189 5228 1261 5280 Et
1310 5228 1356 5279 si
1393 5227 1523 5293 quis
1558 5228 1974 5289 contrafecerit,
2013 5228 2173 5295 quod

551 5303 644 5355 ille
681 5304 780 5371 qui
815 5303 1138 5357 vendiderit
1175 5304 1262 5356 vel
1301 5304 1472 5357 vendi
1508 5303 1704 5357 fecerit
1739 5304 1956 5357 dictum
1993 5305 2171 5358 salem

551 5380 822 5445 puniatur
865 5389 923 5435 et
965 5379 1385 5434 condemnetur
1431 5380 1489 5433 in
1543 5380 1710 5433 XXV
1747 5381 1903 5434 libris
1941 5382 2078 5448 imp.
2118 5390 2176 5436 et

555 5457 646 5509 ille
682 5458 782 5525 qui
818 5458 1039 5522 emerit,
1079 5458 1124 5510 si
1161 5458 1364 5511 emerit
1388 5458 1461 5509 ab
1488 5474 1606 5509 uno
1643 5458 1890 5511 sextario
1927 5458 2089 5521 infra,
2118 5458 2173 5511 in

2253 781 2405 844 villa,
2442 792 2691 835 castrum
2717 800 2817 836 seu
2856 784 3017 836 locus
3041 783 3097 835 in
3123 800 3242 850 quo
3269 800 3371 837 seu
3398 802 3513 851 qua
3536 784 3879 837 venderetur

2254 859 2334 911 sal
2353 868 2551 913 contra
2576 860 2889 925 predictam
2914 860 3155 913 sormam
3180 861 3602 914 condemnetur
3626 862 3685 913 in
3716 862 3877 913 XXV

2254 935 2410 989 libris
2446 936 2584 1002 imp.
2612 937 2827 989 Consul
2855 954 2991 989 vero
3018 938 3199 1002 ipsius
3234 947 3418 991 terrae
3454 939 3623 991 castri
3662 939 3753 989 vel
3774 939 3878 990 loci

2254 1011 2672 1066 condemnetur
2707 1014 2761 1067 in
2788 1001 2991 1067 decem
3017 1014 3173 1067 libris
3198 1015 3579 1079 imperialium
3611 1030 3718 1081 pro
3744 1031 3881 1080 quo-

2255 1090 2393 1143 libet
2427 1106 2649 1153 eorum,
2704 1090 2810 1143 nisi
2858 1092 3079 1145 venerit
3112 1091 3187 1145 ad
3224 1091 3689 1145 denuntiandum
3728 1107 3880 1157 prae-

2254 1166 2406 1220 dicta
2442 1175 2690 1233 quatuor
2726 1168 3014 1221 massariis
3048 1168 3311 1234 gabellae
3356 1185 3457 1221 seu
3498 1169 3605 1221 illis
3640 1169 3745 1235 qui
3784 1185 3882 1234 pro

2255 1243 2612 1308 temporibus
2646 1253 2815 1297 erunt
2859 1244 2936 1297 ad
2973 1246 3230 1309 regimen
3267 1245 3447 1311 ipsius
3482 1246 3769 1311 gabellae.
3812 1246 3879 1297 Et

2256 1319 2413 1386 quod
2472 1319 2715 1386 quilibet
2766 1337 2871 1373 sua
2922 1322 3267 1375 authoritate
3327 1322 3509 1388 possit
3564 1322 3886 1388 quemlibet

2256 1405 2579 1462 portantem
2618 1412 2719 1463 per
2754 1414 2816 1450 se
2870 1397 2960 1450 vel
3013 1415 3186 1464 super
3236 1399 3529 1466 aliquibus
3564 1398 3767 1451 bestiis
3802 1415 3883 1450 sa-

2256 1474 2367 1526 lem
2406 1472 2667 1527 venalem
2706 1490 2807 1539 per
2854 1474 3174 1529 districtum
3226 1476 3549 1529 Cremonae
3600 1475 3884 1528 derobare

2256 1550 2330 1601 de
2365 1550 2503 1615 ipsis
2539 1550 2734 1603 bestiis
2779 1560 2837 1603 et
2872 1551 3011 1604 sale.
3052 1552 3125 1606 Et
3159 1552 3403 1619 quilibet
3454 1552 3529 1605 de
3578 1551 3884 1618 praedictis

2256 1626 2437 1692 possit
2472 1642 2601 1680 esse
2636 1636 2934 1681 accusator
2968 1635 3028 1681 et
3063 1628 3272 1682 habeat
3310 1629 3685 1683 medietatem
3712 1629 3882 1681 banni

2258 1711 2315 1756 et
2370 1703 2887 1757 condemnationis,
2946 1704 3017 1757 Et
3075 1705 3234 1771 quod
3296 1706 3571 1771 praedicti
3636 1714 3886 1772 quatuor

2261 1780 2515 1833 massarii
2550 1798 2650 1834 seu
2689 1781 2766 1833 illi
2804 1781 2903 1848 qui
2939 1796 3045 1847 pro
3080 1782 3439 1847 temporibus
3476 1791 3792 1849 praeerunt
3816 1782 3885 1833 ad

2260 1857 2515 1921 regimen
2571 1858 2747 1924 ipsius
2780 1858 3043 1923 gabellae
3094 1867 3153 1911 et
3200 1859 3374 1911 etiam
3427 1859 3705 1912 dominus
3742 1859 3887 1924 capi-

2259 1941 2462 1986 taneus
2498 1943 2555 1986 et
2602 1934 2843 2001 quilibet
2898 1936 3174 2000 ipsorum,
3231 1951 3407 2002 super
3458 1936 3735 2001 predictis
3786 1936 3887 1987 ha-

2260 2010 2433 2063 beant
2466 2011 2701 2075 plenum
2754 2020 2811 2063 et
2862 2010 3103 2065 liberum
3154 2012 3451 2065 arbitrium
3508 2010 3881 2078 procedendi,

2259 2086 2605 2153 inquirendi,
2642 2087 3030 2154 cognoscendi
3068 2104 3171 2154 per
3206 2088 3565 2143 coniecturas
3590 2096 3649 2142 et
3678 2088 3887 2141 indicia

2260 2170 2315 2216 et
2350 2164 2683 2230 questiones
2710 2174 2767 2217 et
2802 2165 3269 2232 quibuscumque
3305 2165 3431 2219 aliis
3457 2164 3647 2217 modis
3672 2165 3886 2231 quibus

2260 2239 2335 2291 de
2369 2239 2638 2305 predictis
2676 2239 2879 2293 melius
2914 2242 3258 2296 crediderint
3292 2242 3593 2296 veritatem
3628 2241 3888 2293 invenire

2260 2325 2316 2367 et
2350 2316 2863 2370 condemnationes
2919 2317 3123 2377 facere,
3178 2318 3501 2371 secundum
3550 2319 3802 2371 formam
3836 2327 3888 2370 et

2262 2392 2501 2445 modum
2538 2394 2695 2459 quod
2751 2394 3015 2460 superius
3068 2395 3415 2447 continetur.
3458 2396 3529 2447 Et
3566 2396 3679 2447 hoc
3716 2404 3887 2447 statu-

2261 2478 2381 2520 tum
2419 2470 2490 2522 sit
2525 2477 2791 2523 truncum
2828 2480 2886 2523 et
2928 2471 3237 2536 precisum,
3295 2480 3403 2524 etc.
3462 2472 3534 2523 Et
3586 2472 3753 2537 quod
3792 2488 3889 2535 per

2260 2546 2559 2597 dominum
2599 2544 2891 2610 vicarium,
2930 2547 3293 2612 capitaneum
3330 2548 3417 2600 vel
3446 2548 3589 2600 alios
3610 2546 3887 2600 officiales

2260 2622 2384 2674 dari
2419 2640 2534 2675 non
2571 2624 2752 2689 possit
2786 2624 3012 2676 licentia
3047 2641 3147 2689 ‚se-u
3188 2624 3368 2689 gratia
3392 2625 3631 2677 concedi
3655 2625 3733 2677 de
3758 2641 3887 2677 con-

2261 2699 2529 2751 ducendo
2564 2701 2741 2751 salem
2779 2715 2883 2766 per
2916 2700 3153 2767 aliquod
3188 2714 3499 2752 commune
3544 2718 3644 2753 seu
3698 2701 3885 2753 villam

2263 2776 2318 2827 in
2354 2776 2687 2841 episcopatu
2726 2777 3049 2829 Cremonae
3086 2778 3171 2829 vel
3210 2778 3366 2839 alibi,
3408 2778 3513 2831 nisi
3550 2780 3623 2830 de
3660 2779 3783 2830 sale
3807 2794 3887 2829 sa·

2262 2852 2531 2905 lariorum
2588 2854 2847 2918 gabellae
2892 2854 3217 2905 communis
3254 2856 3597 2921 Cremonae,
3632 2870 3753 2907 non
3792 2854 3887 2907 ob-

2262 2937 2446 2981 stante
2483 2929 2673 2995 aliqua
2726 2929 3111 2983 conventione
3162 2945 3264 2983 seu
3317 2931 3501 2995 gratia
3536 2932 3685 2985 sacta
3722 2931 3886 2983 alicui

2264 3006 2390 3057 loco
2428 3021 2531 3070 per
2566 3022 2874 3058 commune
2911 3008 3249 3059 Cremonae.

3038 3221 3117 3272 17.

2538 3328 2627 3379 De
2654 3329 2817 3392 penis
2848 3328 3207 3393 portantium
3242 3344 3409 3380 arma
3446 3331 3613 3381 vetita

2454 3409 2567 3468 per
2610 3402 2889 3456 civitatem
2938 3408 2996 3457 et
3037 3405 3303 3457 suburbia
3355 3404 3685 3459 Cremonae.

2337 3541 2478 3592 Item
2518 3540 2725 3592 eodem
2764 3541 3067 3593 millesimo
3106 3542 3415 3594 indictione
3450 3552 3509 3595 et
3542 3559 3746 3595 mense
3780 3552 3883 3595 sta-

2266 3625 2451 3669 tutum
2491 3626 2547 3669 et
2582 3617 2911 3672 ordinatum
2948 3625 3053 3679 est,
3102 3618 3261 3685 quod
3298 3618 3345 3672 si
3382 3620 3589 3685 aliquis
3622 3620 3763 3673 civis
3798 3620 3883 3671 vel

2266 3692 2629 3746 districtualis
2664 3695 2987 3747 Cremonae
3023 3710 3129 3747 nec
3166 3694 3337 3747 etiam
3376 3695 3618 3749 sorensis
3646 3712 3764 3748 non
3792 3713 3884 3748 au-

2266 3771 2401 3823 deat
2437 3786 2543 3822 nec
2580 3780 2909 3836 praesumat
2962 3780 3192 3837 portare
3228 3772 3303 3824 de
3338 3772 3433 3824 die
3468 3773 3556 3824 vel
3594 3773 3671 3824 de
3720 3782 3883 3825 nocte

2264 3848 2459 3914 aliqua
2494 3862 2653 3900 arma
2699 3848 2773 3899 ad
2809 3848 3187 3900 offensionem
3226 3850 3314 3900 vel
3351 3847 3751 3902 defensionem
3789 3865 3885 3915 per

2264 3924 2551 3976 civitatem
2590 3926 2677 3975 vel
2714 3924 2989 3977 suburbia
3023 3925 3366 3979 Cremonae.
3410 3926 3480 3978 Et
3515 3926 3675 3993 quod
3714 3928 3761 3979 si
3794 3926 3885 3977 ali-

2264 4001 2395 4067 quis
2432 4001 2696 4053 inventus
2744 4002 2915 4054 suerit
2957 4011 3187 4067 portare
3222 4002 3375 4054 dicta
3411 4018 3589 4064 arma,
3626 4012 3685 4055 et
3722 4003 3883 4055 suerit

2264 4078 2403 4129 civis
2438 4078 2527 4129 vel
2563 4077 2931 4130 districtualis
2987 4078 3328 4140 Cremonae,
3376 4080 3798 4132 condemnetur
3830 4089 3884 4130 et

2264 4154 2635 4207 condemnari
2674 4154 2882 4207 debeat
2919 4155 2973 4206 in
3000 4164 3230 4208 centum
3258 4156 3434 4208 soldis
3462 4156 3601 4221 imp.
3638 4156 3685 4209 si
3722 4156 3883 4208 fuerit

2264 4230 2338 4283 de
2375 4230 2485 4284 die.
2532 4232 2601 4283 Et
2637 4232 2683 4283 si
2715 4231 2883 4284 suerit
2916 4232 2992 4284 de
3028 4241 3216 4294 nocte,
3254 4233 3675 4285 condemnetur
3700 4234 3755 4285 in
3792 4234 3883 4285 de-

2265 4324 2391 4360 cem
2426 4307 2583 4360 libris
2620 4308 2759 4372 imp.
2810 4317 2869 4362 et
2920 4308 2976 4360 in
3026 4309 3333 4361 amissione
3370 4309 3759 4375 predictorum
3796 4326 3883 4362 ar-

2266 4401 2513 4439 morum.
2552 4385 2611 4437 Si
2638 4401 2775 4437 vero
2801 4384 2968 4437 fuerit
2994 4386 3252 4445 sorensis,
3282 4401 3465 4452 penae
3502 4386 3883 4451 intelligantur

2266 4462 2589 4527 duplicatae
2624 4470 2681 4514 et
2716 4461 3102 4527 duplicentur.
3154 4463 3227 4514 Et
3278 4464 3437 4529 quod
3488 4462 3595 4528 ipsi
3632 4462 3880 4515 forenses

2266 4556 2384 4590 non
2420 4539 2641 4604 possint
2666 4540 2925 4601 relaxari,
2952 4539 3060 4591 nisi
3089 4539 3365 4592 solverint
3389 4540 3605 4592 dictum
3632 4541 3879 4593 bannum

2266 4632 2367 4668 seu
2411 4614 2833 4681 depositionem
2888 4616 3125 4671 fecerint
3178 4617 3235 4669 in
3288 4618 3533 4683 pecunia
3590 4628 3879 4669 numerata

2266 4709 2444 4759 penes
2480 4693 2787 4745 massarios
2821 4694 3083 4759 gabellae
3120 4694 3462 4748 Cremonae.
3502 4694 3671 4747 Cives
3695 4702 3878 4747 autem

2266 4778 2324 4821 et
2358 4770 2737 4822 districtuales
2774 4770 3060 4822 Cremone
3091 4770 3191 4837 qui
3215 4771 3296 4823 sic
3334 4771 3541 4836 reperti
3576 4770 3801 4833 fuerint,
3837 4770 3879 4822 si

2268 4846 2549 4899 voluerint
2586 4846 2723 4899 dare
2760 4845 3125 4899 fideiussores
3164 4846 3425 4909 idoneos,
3465 4848 3716 4901 debeant
3751 4848 3882 4899 rela-

2268 4922 2409 4975 xari.
2472 4924 2544 4975 Et
2596 4922 2757 4989 quod
2808 4923 3018 4989 aliquis
3070 4924 3486 4991 cuiuscumque
3544 4924 3879 4978 conditionis

2268 5000 2491 5061 existat,
2529 5000 2629 5065 qui
2684 5008 2943 5065 repertus
2986 5000 3185 5053 suisset
3220 5010 3449 5066 portare
3484 5000 3609 5067 ipsa
3641 5018 3815 5062 arma,
3848 5016 3879 5051 a

2268 5076 2434 5129 dictis
2469 5076 2887 5129 condemnatus
2924 5093 3041 5129 non
3077 5079 3257 5143 possit
3293 5078 3519 5131 liberari
3543 5079 3634 5131 vel
3668 5077 3876 5131 alsolvi.

2273 5154 2343 5205 Et
2380 5153 2489 5205 hoc
2522 5162 2801 5205 statutum
2838 5154 2911 5205 sit
2962 5163 3226 5206 truncum
3264 5164 3374 5208 etc.
3415 5155 3501 5207 Eo
3536 5156 3694 5208 salvo
3730 5154 3875 5221 quod

2270 5228 2525 5294 predicta
2561 5246 2677 5283 non
2715 5230 2965 5283 habeant
3002 5230 3192 5283 locum
3236 5231 3291 5285 in
3328 5232 3617 5299 aliquibus
3652 5233 3880 5284 venien-

2270 5306 2423 5359 tibus
2456 5323 2491 5359 a
2526 5307 2645 5359 suis
2680 5306 2844 5361 terris
2880 5309 2969 5359 vel
3006 5308 3467 5375 possessionibus
3502 5309 3592 5361 vel
3616 5308 3877 5361 clausuris

2270 5381 2345 5435 ad
2382 5383 2667 5436 civitatem
2706 5386 3051 5445 Cremonae,
3076 5384 3167 5437 vel
3190 5386 3363 5437 etiam
3388 5385 3658 5438 euntibus
3692 5385 3763 5437 ad
3788 5384 3878 5436 ali-

2273 5476 2418 5525 quas
2452 5470 2629 5513 terras
2666 5461 2753 5513 vel
2791 5462 3186 5527 possessiones
3208 5462 3298 5515 vel
3332 5462 3641 5526 clausuras,
3678 5462 3877 5515 haben-
