4050 6109
538 249 658 309 140

1525 240 1795 292 CODICE
1837 241 2357 294 DIPLOMATICO
2400 242 2859 295 CREMONESE

589 493 738 547 Item
771 493 1146 559 providerunt
1178 493 1340 561 quod
1373 493 1633 562 quelibet
1671 507 1918 559 persona
1959 489 2144 558 possit

521 578 747 636 portare
799 569 874 624 ad
909 585 1372 636 guaranazonum
1409 585 1512 624 seu
1545 567 1949 636 guaranaziam
1993 567 2144 622 duos

518 645 733 700 lazolos
767 661 870 699 seu
905 647 1156 701 botonos
1189 653 1412 700 tantum
1448 645 1522 700 de
1557 655 1796 713 argento
1819 653 1878 698 et
1898 643 1975 698 de
1998 659 2143 712 quo-

517 721 660 776 libet
705 722 818 777 alio
863 721 1124 784 metallo,
1159 721 1302 776 dum
1345 730 1540 776 tamen
1598 738 1714 774 non
1767 721 1954 776 valeat
1996 720 2143 775 ultra

521 813 702 852 unum
737 807 1010 853 venetum
1043 815 1150 865 pro
1186 798 1446 868 quolibet
1479 814 1702 853 eorum.

589 877 737 930 Item
773 876 1148 943 providerunt
1181 875 1343 942 quod
1375 875 1618 944 quilibet
1639 875 1816 928 homo
1849 881 1910 928 et
1935 873 2143 927 mulier

517 951 700 1019 possit
753 962 980 1020 portare
1033 952 1111 1006 ad
1163 951 1498 1006 mantellum
1545 968 1648 1006 seu
1699 951 1911 1018 pellem
1963 966 2140 1004 unam

516 1029 756 1082 cordam
802 1045 907 1083 seu
951 1029 1235 1084 nestolam
1283 1030 1358 1084 de
1402 1037 1528 1082 seta
1560 1027 1946 1082 extimationis
1987 1027 2143 1080 duo-

521 1104 709 1159 decim
743 1105 1112 1160 denariorum
1149 1113 1374 1160 tantum
1427 1104 1502 1159 ad
1553 1105 1703 1171 pluS.
1759 1105 1832 1158 Et
1885 1103 2140 1171 predicte

519 1181 877 1248 provisiones
908 1181 1195 1236 <lominus
1237 1181 1570 1248 capitaneus
1621 1180 1723 1248 qui
1757 1196 1912 1234 nunc
1959 1187 2049 1234 est
2081 1187 2139 1234 et

521 1273 627 1325 pro
661 1257 1017 1324 temporibus
1063 1258 1232 1312 fuerit
1279 1265 1340 1312 et
1389 1256 1659 1312 dominus
1706 1256 1970 1312 Gentillis
2016 1256 2141 1310 offi-

518 1332 676 1387 cialis
709 1350 882 1401 super
916 1333 1083 1389 dictis
1115 1334 1466 1390 ornamentis
1500 1341 1560 1388 et
1594 1333 1688 1388 alii
1721 1333 1994 1388 officiales
2036 1333 2136 1401 qui

517 1410 594 1464 ad
629 1411 886 1476 predicta
919 1411 1129 1465 suerint
1179 1419 1484 1466 teneantur
1533 1409 1789 1477 predicta
1833 1411 2139 1464 observare

516 1495 578 1542 et
609 1487 900 1541 observari
937 1487 1149 1552 facere,
1187 1496 1248 1541 et
1289 1487 1609 1542 habeantur
1649 1502 1756 1553 pro
1790 1495 2004 1542 statuto
2038 1502 2141 1554 po-

519 1563 638 1630 puli
674 1572 732 1618 et
766 1563 824 1617 in
859 1565 1154 1618 volumine
1187 1571 1534 1620 statutorum
1555 1563 1754 1630 populi
1789 1571 2056 1631 ponatur,
2080 1572 2140 1618 et

518 1639 681 1707 quod
716 1639 985 1693 dominus
1019 1641 1352 1707 capitaneus
1393 1648 1656 1696 teneatur
1705 1639 1900 1694 omnia
1931 1656 2140 1706 supra-

519 1715 729 1783 scripta
763 1716 821 1770 in
856 1716 1123 1771 conscilio
1157 1717 1355 1785 populi
1391 1717 1578 1770 facere
1612 1716 1924 1771 reformari.

585 1794 759 1846 Lecte
792 1801 852 1846 et
883 1793 1172 1859 publicate
1213 1801 1274 1848 et
1306 1794 1622 1860 approbate
1669 1794 1899 1847 fuerunt
1942 1807 2141 1858 supra-

515 1867 728 1935 scripte
744 1869 1102 1935 provisiones
1129 1869 1186 1922 in
1209 1869 1481 1923 conscilio
1499 1869 1722 1936 gabelle
1735 1883 1944 1934 magne
1964 1883 2139 1934 super

512 1945 694 2000 domo
727 1943 880 2000 dicte
912 1945 1157 2013 gabelle,
1194 1947 1252 1999 in
1287 1962 1407 2013 quo
1431 1945 1703 2000 conscilio
1723 1952 1888 1998 erant
1907 1944 2139 2010 triginta

519 2037 592 2076 ex
624 2021 964 2076 officialibus
986 2021 1138 2076 dicte
1159 2021 1402 2088 gabello,
1427 2029 1488 2075 et
1510 2021 1886 2076 existentibus
1913 2020 2139 2076 habatis

515 2098 735 2153 domini
774 2099 1106 2165 pelegrinus
1147 2098 1222 2153 de
1256 2097 1484 2166 Alegris
1506 2137 1521 2162 ,
1559 2098 1831 2152 Bocazius
1877 2099 1953 2152 de
1993 2099 2140 2151 Ase-

517 2176 699 2236 nellis,
740 2175 1016 2230 Riboldus
1065 2175 1141 2230 de
1195 2175 1488 2229 Diviciolis
1530 2183 1592 2229 et
1633 2173 2011 2228 Ghirardinus
2061 2173 2138 2228 de

515 2251 832 2316 Alamanis,
868 2253 966 2306 die
1001 2251 1264 2307 mercurii
1297 2251 1618 2319 penultimo
1653 2251 1868 2307 marcii.
1949 2265 1956 2276 ·

515 2528 610 2604 78.
655 2561 738 2571 —-
791 2543 968 2602 1300,
1037 2529 1184 2608 apr.
1236 2543 1332 2603 19,
1400 2521 1606 2596 XIIL
1673 2519 1718 2584 l.
1770 2521 2138 2587 Cremonae

599 2615 676 2680 in
717 2638 894 2680 cons.
930 2615 1252 2701 gabellae.
1307 2616 1375 2692 C,
1425 2620 1523 2697 76.

597 2787 918 2851 Provisio
964 2788 1300 2871 gabellae,
1345 2796 1425 2850 ut
1465 2807 1508 2850 a
1550 2786 1804 2850 debitis
1833 2788 2138 2850 exhone-

516 2891 726 2954 retur,
773 2901 984 2962 super
1025 2882 1235 2944 modo
1279 2880 1500 2943 mutui
1562 2878 1882 2953 faciendi,
1927 2899 2140 2962 super

516 2985 666 3038 rata
708 2974 871 3038 salis
917 2973 1244 3056 imposita
1284 2973 1682 3036 hominibus
1725 2983 1797 3038 et
1832 2993 2135 3038 commu-

512 3067 720 3132 nibus
763 3067 1067 3132 civitatis
1111 3077 1180 3130 et
1224 3066 1580 3131 districtus
1619 3077 1690 3129 et
1733 3066 2135 3130 venditione

511 3161 682 3234 eiuS,
749 3180 831 3224 ac
897 3180 1109 3241 super
1173 3159 1725 3224 cavalcatoribus
1790 3159 2134 3243 gabellae,

509 3254 861 3336 stipendio
905 3253 1220 3336 peditum
1250 3262 1321 3317 et
1363 3253 1695 3335 equitum,
1732 3252 2135 3316 venditione

507 3347 904 3412 reddituum
949 3347 1269 3429 gabellae
1314 3356 1384 3411 et
1421 3347 1752 3428 expensis
1794 3346 2133 3411 faciendis

511 3441 600 3506 de
641 3461 851 3506 avere
895 3441 1220 3525 gabellae
1261 3443 1367 3524 (1).
1669 3449 1680 3464 '

508 3749 602 3810 79.
648 3768 732 3777 —
784 3749 962 3809 1300,
1007 3734 1155 3813 apr.
1211 3748 1305 3808 19,
1344 3727 1552 3803 XIII,
1581 3725 1626 3790 l.
1660 3727 2024 3792 Cremonae
2054 3711 2130 3791 in

586 3843 764 3886 cons.
801 3823 956 3908 gab.
1001 3823 1069 3897 C,
1114 3842 1210 3903 77.

589 3992 912 4056 Provisio
980 3993 1302 4075 gabellae
1354 3993 1542 4074 quod
1595 3992 1944 4056 minuatur
2007 4013 2130 4056 nu-

505 4107 736 4150 merus
793 4087 1324 4151 balesteriorum
1391 4096 1460 4148 et
1525 4086 1976 4168 guardiamm
2042 4088 2131 4151 ad

504 4180 892 4245 custodiam
937 4179 1007 4243 S.
1056 4178 1336 4242 Martini
1383 4179 1469 4241 de
1513 4177 1799 4250 Arzino,
1844 4180 2128 4252 Doxoli,

503 4274 836 4336 Luzariae
881 4283 952 4338 et
982 4273 1293 4344 Belforti,
1327 4271 1536 4335 castri
1566 4283 1636 4335 et
1665 4273 1918 4336 rochae
1957 4272 2130 4336 Son-

505 4366 641 4430 zini
685 4377 756 4429 et
789 4366 1180 4430 Piceleonis
1210 4375 1287 4428 ut
1317 4365 1553 4428 debita
1596 4366 1916 4447 gabellae
1948 4366 2130 4430 solvi

507 4459 799 4540 possint.

557 4790 616 4840 (1)
643 4789 692 4830 Si
720 4789 885 4840 cerchi,
916 4789 954 4831 si
983 4789 1099 4838 dice,
1127 4800 1177 4829 se
1204 4787 1429 4840 qualcuno
1447 4787 1554 4830 vuol
1572 4787 1683 4829 dare
1712 4786 1868 4828 denari
1895 4787 1941 4828 in
1961 4787 2128 4838 impre-

499 4848 610 4891 stito
627 4849 926 4892 nll'interesse
945 4849 992 4891 di
1011 4849 1102 4891 due
1119 4849 1278 4891 denari
1297 4861 1378 4900 per
1403 4849 1486 4890 lira
1504 4849 1546 4890 al
1567 4861 1708 4890 mese.
1727 4871 1780 4879 -
1807 4849 1854 4890 Sl
1875 4849 2128 4890 esaminino

503 4911 546 4954 le
574 4917 672 4954 rate
699 4913 748 4954 di
773 4913 869 4956 sale
895 4913 1092 4964 imposte
1119 4923 1148 4952 a
1175 4911 1404 4960 ciascun0‚
1433 4911 1472 4952 si
1499 4911 1763 4953 aumentino
1781 4923 1834 4952 se
1849 4914 1876 4953 e
1893 4911 2125 4963 possibile,

501 4973 541 5014 si
569 4974 696 5024 quoti
725 4975 798 5016 chi
836 4987 928 5017 non
965 4979 992 5016 e
1027 4979 1234 5026 quotato,
1264 4986 1291 5014 e
1318 4973 1356 5014 sl
1388 4972 1589 5024 obblighi
1625 4973 1840 5014 ciascuno
1875 4985 1904 5015 a
1937 4972 2129 5024 pigliare

503 5035 652 5076 subito
679 5047 769 5077 una
797 5037 918 5078 meta
945 5036 1064 5078 della
1092 5041 1233 5088 quota
1260 5035 1344 5076 che
1371 5035 1436 5086 gli
1460 5041 1626 5086 spetta.
1655 5057 1708 5066 —
1734 5035 1874 5077 Siano
1897 5036 2128 5087 soppreesi

504 5097 518 5137 i
547 5097 820 5140 cavalcatori
848 5098 967 5140 della
995 5099 1197 5141 Gabella.
1227 5119 1280 5129 ——
1307 5097 1362 5138 Al
1389 5097 1554 5139 soldati
1581 5109 1610 5139 a
1636 5097 1759 5149 piedi
1778 5109 1865 5139 con
1883 5097 2081 5139 balestrn
2098 5111 2127 5140 0

502 5169 642 5200 senza
663 5171 760 5200 non
786 5160 826 5201 si
853 5171 992 5212 possa
1018 5161 1127 5203 dare
1154 5161 1232 5212 piu
1259 5159 1306 5202 dl
1339 5171 1386 5202 12
1413 5158 1570 5202 denari
1599 5159 1641 5201 al
1669 5159 1846 5212 giorno.
1870 5183 1923 5191 —
1949 5159 2006 5201 Αἰ
2034 5159 2127 5201 sol-

503 5219 600 5262 dati
626 5232 655 5263 a
681 5221 858 5264 cavallo
887 5221 1108 5265 forestieri
1135 5235 1222 5265 con
1251 5223 1342 5265 due
1367 5222 1530 5265 cavalli
1557 5222 1597 5264 sl
1623 5222 1701 5264 dia
1726 5233 1818 5264 11011
1845 5222 1922 5274 piu
1941 5221 1988 5264 di
2006 5235 2033 5273 5
2046 5222 2127 5263 lire

501 5281 546 5324 ιΙ
573 5293 699 5325 mese
726 5295 752 5325 e
779 5296 866 5326 con
895 5297 954 5325 un
983 5287 1158 5326 cavallo
1185 5299 1211 5336 3
1239 5285 1337 5327 lire.
1365 5308 1418 5318 —
1449 5284 1555 5336 Agu
1589 5285 1748 5326 statuti
1783 5297 1810 5326 e
1845 5284 2127 5336 provvisioni

499 5343 587 5386 che
613 5343 858 5387 vietavano
884 5345 929 5387 la
956 5347 1140 5389 vendita
1167 5347 1240 5389 dei
1269 5347 1434 5389 redditi
1463 5347 1582 5390 della
1610 5347 1800 5390 Gabella
1825 5347 1866 5389 si
1895 5346 2127 5397 aggiunga

499 5405 587 5448 che
613 5417 706 5448 non
734 5407 1000 5459 si-possano
1028 5409 1224 5450 vendere
1251 5421 1304 5451 se
1329 5421 1422 5451 non
1449 5421 1530 5462 per
1557 5409 1602 5450 la
1629 5407 1775 5451 difesa
1793 5407 1868 5451 del
1885 5419 2079 5451 comune
2098 5419 2126 5450 e

2238 487 2333 546 80.
2380 520 2463 530 —
2514 504 2691 562 1300,
2737 486 2913 550 mad.
2975 509 3069 564 11,
3128 489 3337 564 XIII,
3398 487 3443 552 l.
3498 490 3859 556 Cremonae

2326 575 2401 639 in
2442 598 2621 642 cons.
2656 578 2810 662 gab.
2862 579 2934 655 C,
2986 585 3085 662 78.

2325 712 2701 778 Absolutio
2728 713 2959 778 fratris
2988 716 3352 793 Leonardi,
3377 739 3420 782 a
3448 740 3538 784 m.
3566 720 3860 784 ianuarii

2241 825 2299 869 a.
2339 827 2360 868 1
2376 812 2495 887 298
2525 808 2845 874 massarii
2876 810 3211 893 gabellae,
3248 813 3369 894 qui
3397 816 3855 879 accusabatur

2241 899 2329 962 de
2383 899 2627 965 fraude
2694 920 2811 982 150
2859 903 3014 966 libr.
3070 903 3313 985 imper.
3378 916 3449 970 et
3506 909 3857 971 maximae

2240 994 2651 1075 quantitatis
2720 995 2885 1060 salis
2965 1005 3037 1060 et
3120 998 3412 1062 aliarum
3483 1019 3713 1064 rerum
3788 1001 3861 1063 in

2238 1088 2566 1150 damnum
2636 1089 2974 1172 gabellae,
3046 1089 3230 1156 facta
3292 1113 3421 1176 per
3492 1094 3863 1158 consilium

2240 1180 2582 1264 gabellae.

2237 1389 2323 1448 81.
2366 1421 2452 1432 -—-
2501 1405 2680 1464 1300,
2726 1386 2904 1450 mad.
2953 1387 3161 1463 XIII,
3217 1389 3601 1454 Cremonae.
3644 1389 3717 1465 C,
3761 1409 3860 1472 79.

2318 1538 2641 1602 Provisio
2684 1541 3004 1623 gabellae
3048 1543 3239 1624 quod
3281 1541 3481 1606 firma
3525 1554 3597 1609 et
3655 1564 3859 1626 apro-

2236 1633 2403 1696 bata
2446 1633 2536 1696 sit
2590 1633 2837 1714 petitio
2896 1633 3131 1700 fratris
3198 1635 3499 1712 Cabrini,
3544 1638 3863 1702 massarii

2234 1725 2469 1806 pontis
2536 1725 2821 1800 Doxoli,
2884 1739 2963 1792 ut
3032 1731 3545 1796 mercatandiae
3608 1742 3683 1796 et
3745 1751 3863 1796 res

2236 1819 2619 1883 conductae
2686 1821 2777 1884 ad
2848 1831 3230 1886 mercatum
3300 1833 3527 1888 terrae
3590 1825 3859 1889 Doxoli

2235 1911 2508 1992 possint
2550 1913 2827 1978 extrahi
2890 1921 2962 1978 et
3030 1916 3323 1980 conduci
3389 1937 3857 2001 quocumque,

2236 2006 2574 2070 solvendo
2620 2007 2817 2072 dacia
2845 2007 3097 2084 debita,
3128 2011 3343 2074 salvis
3367 2011 3863 2076 mercatandiis

2237 2118 2417 2179 quae
2441 2101 2922 2165 conducuntur
2951 2103 3040 2166 de
3068 2103 3353 2169 civitate
3382 2104 3859 2176 Venetiarum,

2237 2200 2308 2255 et
2364 2192 2436 2254 in
2492 2191 2859 2265 frumento,
2904 2195 3133 2272 blava,
3174 2196 3530 2280 legumine
3576 2207 3649 2262 et
3694 2198 3861 2262 vino

2236 2303 2417 2366 quae
2447 2286 2704 2349 debent
2746 2305 2939 2350 more
2980 2289 3188 2352 solito
3233 2290 3532 2354 conduci
3574 2291 3670 2355 ad
3704 2291 3863 2356 Cre-

2236 2395 2513 2440 monam
2557 2379 2662 2461 (2).

2234 2585 2330 2644 82.
2375 2619 2459 2630 —
2510 2603 2688 2661 1300,
2747 2583 2923 2649 mad.
2984 2606 3077 2660 12,
3134 2587 3347 2663 XIII,
3380 2586 3436 2665 J.
3492 2589 3865 2653 Cremonae

2319 2674 2393 2738 in
2436 2696 2613 2740 cons.
2648 2677 2969 2762 gabellae.
3026 2680 3093 2753 C,
3128 2685 3235 2746 80.

2319 2846 2639 2910 Provisio
2662 2848 2983 2931 gabellae
3006 2851 3197 2933 quod
3220 2861 3617 2916 contractus
3638 2872 3868 2936 nuper

2232 2937 2459 3002 factus
2516 2941 2603 3003 de
2670 2962 2830 3005 1000
2888 2942 3086 3007 libris
3135 2943 3381 3026 imper.
3444 2957 3693 3010 mutuo
3752 2966 3861 3009 ac-

2233 3033 2455 3114 ceptis
2498 3054 2541 3098 a
2584 3035 2959 3100 Baldesaro
3004 3037 3093 3102 de
3134 3037 3355 3104 Sexto
3385 3051 3457 3103 et
3498 3039 3858 3104 Iacomino

2232 3126 2321 3189 de
2363 3127 2547 3192 Ciria
2606 3147 2736 3210 pro
2778 3130 3135 3194 solvendis
3184 3132 3655 3213 stipendiariis
3684 3181 3701 3206 ,
3750 3153 3857 3197 ca-

2230 3219 2697 3285 valcatoribus
2742 3233 2814 3286 et
2876 3223 3267 3288 balesteriis
3330 3224 3717 3290 foresteriis
3784 3229 3855 3291 in

2230 3313 2605 3377 servicium
2648 3315 2953 3390 Cremae,
3000 3316 3379 3400 obligando
3425 3319 3528 3383 eis
3578 3319 3861 3384 dacium

2234 3425 2267 3468 2
2314 3407 2487 3471 sold.
2519 3407 2683 3491 imp.
2714 3410 3329 3492 superimpositum
3374 3413 3661 3476 cuilibet
3700 3434 3857 3478 sex-

2228 3499 2406 3563 tario
2450 3502 2617 3565 salis
2650 3503 2934 3567 vendito
2974 3505 3173 3585 prius
3209 3525 3281 3584 13
3328 3506 3565 3580 soldis,
3610 3505 3858 3570 firmus

2231 3603 2301 3658 et
2344 3597 2620 3659 validus
2664 3597 2776 3661 sit.

2228 3821 2323 3897 83.
2370 3855 2453 3866 -—
2504 3838 2681 3896 1300,
2736 3819 2913 3883 mad.
2975 3841 3069 3899 13.
3118 3821 3325 3895 XIII,
3380 3821 3425 3886 l.
3489 3821 3861 3888 Cremonae

2314 3910 2388 3974 in
2431 3932 2608 3975 cons.
2645 3912 2798 3997 gab.
2854 3913 2922 3989 C,
2970 3917 3071 3978 81.

2311 4081 2631 4146 Provisio
2662 4085 2979 4165 gabellae
3003 4087 3193 4168 quod
3214 4094 3442 4152 turres
3468 4097 3856 4152 castrorum

2227 4194 2406 4256 quae
2461 4177 2946 4242 custodiuntur
3008 4198 3137 4261 per
3191 4200 3557 4246 commune
3614 4182 3856 4246 incan-

2225 4277 2460 4333 tentur
2502 4279 2573 4332 et
2618 4271 2869 4334 dentur
2910 4273 3309 4337 volentibus
3353 4295 3471 4337 eas
3515 4276 3699 4338 bene
3736 4296 3857 4339 cu-

2226 4362 2488 4426 stodire
2554 4373 2623 4426 et
2694 4365 2913 4427 bonas
2983 4366 3390 4429 securitates
3454 4365 3686 4430 facere
3758 4369 3847 4430 ad

2226 4455 2581 4520 meliorem
2647 4458 3134 4523 conditionem.
3200 4459 3377 4523 Item
3426 4461 3619 4542 quod
3686 4459 3847 4524 Cre-

2224 4781 2346 4834 degli
2373 4783 2519 4834 amici,
2543 4797 2569 4826 e
2588 4785 2656 4826 sla
2682 4784 2728 4826 in
2758 4785 2820 4827 tal
2848 4798 2956 4827 caso
2984 4784 3029 4828 la
3048 4785 3238 4829 vendita
3264 4794 3517 4840 approvata
3535 4788 3608 4831 nel
3628 4789 3852 4842 consigno

2223 4845 2343 4886 della
2369 4846 2663 4898 campanella,
2694 4848 2893 4898 presenti
2922 4848 3102 4890 almeno
3130 4861 3209 4890 200
3236 4849 3510 4901 consiglieri,
3532 4851 3593 4892 dn
3611 4851 3703 4893 due
3722 4851 3847 4893 terti.

2223 4929 2276 4938 —-
2304 4909 2477 4959 Questa
2498 4908 2723 4950 formalia
2750 4910 2789 4950 si
2817 4910 2885 4951 usi
2914 4921 3095 4962 sempr-e
3120 4911 3205 4953 che
3232 4911 3271 4953 sl
3300 4911 3417 4954 deve
3444 4913 3669 4964 spendere
3691 4913 3851 4955 110Πί-

2224 4981 2331 5011 vere
2356 4969 2477 5012 della
2505 4971 2695 5012 anella
2720 4972 2798 5023 piu
2826 4973 2875 5014 di
2904 4985 2955 5014 10
2981 4972 3062 5015 lire
3088 4973 3329 5025 imperiali.

2276 5035 2337 5085 (2)
2366 5034 2499 5075 Nella
2517 5041 2636 5074 terra
2654 5033 2701 5075 di
2722 5035 2935 5085 Dossolo‚
2958 5033 3205 5078 sabbricata
3224 5049 3251 5077 e
3268 5037 3489 5088 popolata
3504 5038 3626 5082 dalla
3644 5039 3847 5086 Gabeun.

2222 5095 2262 5136 si
2288 5107 2367 5137 era
2394 5095 2594 5137 stabilito
2624 5108 2683 5137 un
2712 5102 2913 5139 mercato
2940 5097 3050 5148 ogni
3080 5097 3345 5148 domenica3
3385 5111 3461 5142 ma
3495 5101 3541 5142 in
3573 5100 3699 5143 forza
3731 5101 3851 5143 della

2222 5157 2513 5210 provvisione
2540 5158 2625 5200 che
2652 5161 2695 5200 le
2722 5160 2860 5200 merci
2887 5159 3172 5210 provenienti
3200 5159 3259 5202 da
3289 5161 3489 5204 Dossolo
3510 5162 3760 5206 dovessero
3776 5175 3851 5204 011-

2221 5231 2322 5262 sere
2348 5219 2566 5262 condotte
2592 5231 2620 5261 a
2650 5221 2890 5272 Cremona,
2912 5221 2941 5262 il
2960 5228 3161 5264 mercato
3179 5223 3378 5266 riusciva
3406 5225 3544 5275 nullo,
3566 5238 3593 5268 e
3612 5225 3651 5268 si
3669 5227 3849 5268 andan

2222 5283 2265 5324 ai
2292 5282 2481 5325 mercati
2516 5282 2563 5324 di
2596 5283 2983 5335 Casalmsggiore,
3016 5284 3215 5328 Pindena
3241 5287 3515 5338 e‘Portiolo‚
3546 5289 3693 5331 anche
3729 5289 3847 5331 dalle

2222 5349 2341 5386 terre
2366 5344 2517 5387 vicine
2542 5356 2573 5385 a
2600 5345 2799 5387 Dossolo
2826 5357 2853 5387 e
2880 5346 2941 5388 (111
2968 5347 3168 5389 Dossolo
3196 5353 3362 5391 stesso.
3394 5351 3463 5392 La
3490 5351 3849 5404 Gabellsriparo

2222 5418 2251 5449 a
2276 5411 2440 5458 questo
2468 5406 2621 5448 danno
2649 5419 2736 5449 con
2764 5406 2809 5449 la
2834 5413 3047 5461 presente
3072 5409 3382 5461 provvisione.
