4050 6109
1187 276 1681 328 PROVVISIONI
1725 277 1984 326 DELLA
2025 264 2381 326 GABELLA
2423 277 2704 328 MAGNA

235 399 551 408 -ῃ

211 529 384 584 dicti
434 531 686 584 abbates
734 539 794 584 et
839 530 1134 596 sapientes
1183 530 1240 584 in
1289 529 1619 592 concordia,
1669 528 1900 581 nemine

215 607 540 670 discorde,
572 607 735 675 quod
773 607 1134 674 infrascripta
1171 606 1504 660 reformatio
1539 605 1758 658 consilii
1793 621 1900 671 ge-

221 683 462 737 neralis
487 685 760 737 comunis
784 685 1096 748 Cremone,
1125 683 1272 738 facta
1308 683 1402 736 die
1437 683 1662 736 veneris
1695 697 1902 748 supra-

215 761 490 827 scriptO,
548 761 629 814 ibi
663 759 812 815 lecta
849 777 1046 814 coram
1091 761 1260 814 dictis
1305 759 1680 826 sapientibuS‚
1728 774 1902 825 super

215 837 570 892 ambaxata
617 838 800 891 relata
849 854 955 904 per
1001 839 1405 892 ambaxatores
1449 835 1714 890 comunis
1765 837 1902 888 Per·

213 913 428 979 garni,
471 915 550 967 sit
585 914 754 968 firma
800 924 861 968 et
895 916 1088 969 valida
1122 924 1182 968 et
1225 914 1564 968 observetur
1607 913 1666 966 in
1712 921 1899 966 totum

221 1006 348 1056 per
372 991 629 1044 abbates
653 1001 712 1045 et
747 991 1041 1058 sapientes
1076 991 1302 1058 gabelle
1337 990 1436 1058 qui
1472 1005 1626 1044 nunc
1665 998 1801 1042 sunt
1843 995 1922 1042 et'

221 1083 354 1132 pro
391 1067 770 1134 temporibus
817 1077 1008 1132 erunt,
1047 1078 1106 1122 et
1140 1084 1248 1134 pro
1293 1065 1632 1134 provixione
1676 1065 1901 1132 gabelle

223 1144 540 1197 habeatur
578 1153 636 1197 et
671 1145 1016 1198 observetur
1064 1145 1120 1196 in
1156 1151 1365 1205 totum,
1411 1159 1519 1209 pro
1555 1150 1617 1195 ut
1663 1143 1810 1196 iacet
1844 1149 1903 1194 et

215 1221 464 1286 scripta
501 1230 624 1282 est;
664 1231 722 1275 et
759 1221 834 1274 sit
868 1230 928 1275 et
962 1237 1092 1274 esse
1129 1220 1478 1286 intelligatur
1519 1219 1772 1286 provisio
1807 1233 1904 1283 ga-

221 1297 399 1350 belle
451 1299 704 1351 troncha
741 1306 799 1351 et
835 1299 1060 1364 precisa
1095 1307 1154 1352 et
1203 1298 1404 1351 ultima
1451 1305 1510 1350 et
1545 1295 1904 1362 derogatoria

215 1374 534 1428 omnibus
587 1374 717 1428 aliis
771 1375 1236 1440 provisionibuS,
1291 1373 1794 1426 reformationibus
1845 1379 1904 1425 et

207 1451 486 1504 statutis
519 1461 644 1504 tam
677 1451 948 1504 comunis
984 1468 1162 1518 quam
1198 1450 1395 1517 populi
1421 1457 1478 1503 et
1512 1449 1737 1516 gabelle
1762 1449 1905 1501 Cre-

221 1543 430 1580 mone
459 1528 522 1580 in
551 1527 908 1582 contrarium
931 1527 1326 1595 loquentibus,
1351 1536 1409 1579 et
1431 1543 1501 1579 ex
1523 1542 1675 1578 nunc
1695 1525 1902 1578 valeat.

301 1605 525 1658 Tenor
562 1604 728 1660 cuius
764 1604 1200 1658 reformacionis
1235 1603 1364 1657 talis
1399 1611 1515 1656 est:

307 1681 436 1734 Die
476 1682 706 1734 veneris
731 1681 1122 1734 decimonono
1149 1680 1345 1734 madii.
1372 1681 1740 1746 congregato
1771 1695 1906 1732 con-

211 1758 372 1810 silio
433 1757 702 1824 generali
757 1759 1024 1811 comunis
1077 1773 1252 1823 super
1309 1757 1532 1823 palacio
1587 1755 1766 1808 veteri
1813 1771 1904 1808 co-

218 1835 454 1887 munis
491 1835 786 1887 Cremone
821 1835 898 1887 ad
935 1849 1146 1887 sonum
1171 1848 1452 1899 campane
1475 1840 1534 1886 et
1553 1847 1757 1885 vocem
1779 1847 1907 1898 pre-

207 1927 475 1964 conum
513 1927 678 1966 more
713 1911 906 1973 solim,
936 1910 993 1964 in
1029 1926 1150 1977 quo
1184 1909 1425 1962 consilio
1449 1917 1614 1962 erant
1632 1908 1906 1961 dominus

215 1987 653 2040 Bernardinus
699 1987 776 2040 de
818 1987 1090 2040 Tacholis
1135 1987 1488 2052 capitaneuS,
1524 1985 1812 2038 consulles
1847 1992 1906 2038 et

213 2065 492 2117 anciani
530 2065 728 2130 populi
766 2063 1055 2116 Cremone
1090 2071 1150 2116 et
1183 2062 1259 2116 de
1293 2078 1496 2116 eorum
1531 2061 1824 2114 voluntate
1847 2070 1905 2115 et

210 2149 496 2194 centum
551 2139 911 2194 credenderii
946 2148 1005 2194 et
1040 2140 1253 2206 plureS‚
1291 2138 1612 2192 secundum
1662 2137 1902 2190 sormam

213 2219 496 2278 statuti;
549 2217 736 2282 primo
785 2216 998 2270 circata
1030 2223 1090 2269 et
1124 2215 1450 2281 exemplata
1491 2215 1568 2268 de
1611 2215 1759 2267 libro
1801 2229 1905 2266 no—

213 2295 544 2346 tariorum
579 2293 886 2346 consulum
920 2302 981 2347 et
1013 2291 1388 2345 anzianorum
1422 2299 1696 2358 proposta
1730 2291 1906 2344 infra-

213 2371 508 2437 scripta;
549 2369 822 2422 dominus
871 2368 1203 2436 Raynaldus
1237 2368 1312 2421 de
1349 2369 1546 2422 Canali
1570 2407 1584 2430 ,
1627 2366 1799 2421 iudex
1847 2375 1906 2421 et

203 2463 494 2500 asessor
527 2445 750 2498 domini
788 2445 1056 2498 Oddonis
1091 2445 1166 2497 de
1203 2443 1422 2506 canali,
1450 2444 1750 2510 potestatis
1773 2445 1908 2498 Cre-

217 2539 464 2585 mone,
499 2521 804 2589 proposuit
835 2531 896 2576 et
917 2521 1224 2576 consilium
1259 2521 1422 2587 petiit
1445 2521 1554 2574 sibi
1585 2520 1707 2574 dari
1733 2536 1906 2587 super

217 2599 656 2666 infrascriptis·
694 2598 889 2652 Primo
923 2615 1099 2665 super
1133 2599 1441 2652 ambaxata
1481 2597 1740 2652 comunis
1778 2600 1907 2651 Per-

217 2677 444 2744 gami.
469 2684 710 2730 retracta
745 2674 824 2729 ibi
853 2676 910 2728 in
935 2675 1188 2742 presenti
1213 2675 1452 2728 consilio
1474 2691 1580 2740 per
1601 2674 1903 2728 dominum

209 2753 642 2807 Guilielmum
670 2753 747 2805 de
785 2751 1078 2818 Feragalis
1102 2767 1208 2817 pro
1232 2767 1294 2804 se
1313 2759 1372 2804 et
1394 2750 1552 2804 socio
1579 2767 1687 2804 suo
1712 2751 1906 2805 amba—

215 2839 462 2884 xatore
499 2829 635 2882 dicti
658 2828 945 2890 comunis»,
973 2827 1304 2881 continente
1331 2828 1476 2880 inter
1499 2837 1707 2890 cetera,
1744 2829 1904 2895 quod

215 2921 578 2974 gravamen
619 2905 816 2958 nuncii
857 2904 1018 2972 quod
1056 2904 1224 2957 datur
1271 2905 1685 2958 mercatoribus
1747 2905 1900 2968 salis,

208 2985 336 3051 qui
387 2983 628 3036 ducitur
671 2982 748 3035 de
784 2983 1074 3035 Cremona
1115 2983 1479 3046 Pergamum,
1519 2997 1622 3048 per
1654 2997 1902 3035 comune

205 3065 548 3114 Cremone
585 3058 820 3112 tollatur
855 3067 912 3112 et
937 3058 1012 3110 de
1047 3066 1241 3111 cetero
1267 3058 1350 3110 eis
1388 3074 1502 3110 non
1529 3058 1716 3122 detur,
1743 3059 1904 3111 salvo

204 3136 412 3206 quod
460 3136 513 3188 si
567 3151 820 3188 comune
870 3136 1158 3188 Cremone
1201 3142 1259 3187 et
1293 3135 1678 3200 gabellatores
1727 3136 1903 3188 velint

213 3216 484 3268 mittere
521 3212 642 3264 suis
677 3219 792 3264 etc.
829 3220 888 3263 et
923 3226 1056 3264 cum
1094 3211 1278 3264 eciam
1313 3211 1422 3277 ipsi
1468 3211 1710 3265 offerant
1757 3228 1904 3265 mer-

205 3297 477 3343 catores
515 3287 698 3352 ipsius
735 3287 871 3338 salis
909 3295 1140 3352 paratos
1178 3286 1364 3339 facere
1389 3286 1659 3339 idoneam
1684 3287 1902 3340 securi-

211 3377 426 3420 tatem
466 3363 544 3416 de
571 3379 690 3416 non
717 3363 1069 3416 dimittendo
1092 3363 1346 3430 aliquam
1372 3363 1750 3429 quantitatem
1769 3362 1902 3415 salis

211 3444 282 3496 in
351 3441 705 3508 episcopatu
765 3441 1090 3502 Cremone,
1137 3439 1297 3507 quod
1346 3440 1511 3491 vobis
1557 3440 1745 3505 placet
1780 3439 1900 3492 fieri

207 3535 419 3586 super
437 3517 720 3584 predictis
737 3517 1074 3570 consulatis,
1105 3517 1460 3570 Refformato
1487 3517 1745 3582 predicto
1767 3533 1903 3570 con-

207 3597 370 3650 silio
405 3603 469 3648 et
500 3593 656 3646 facto
693 3600 753 3646 et
777 3593 1042 3646 revoluto
1068 3593 1278 3659 partito
1301 3608 1403 3659 per
1439 3592 1765 3658 predictum
1799 3592 1902 3645 do-

215 3674 472 3726 minum
517 3669 908 3737 Raynaldum,
939 3669 1153 3736 placuit
1177 3669 1314 3722 satis
1351 3669 1568 3736 mayori
1596 3669 1740 3735 parti
1765 3667 1902 3722 dicti

206 3747 494 3808 consilii,
534 3745 697 3813 quod
727 3761 1043 3811 gravamen
1080 3745 1272 3798 nuncii
1300 3745 1563 3798 mittendi
1600 3762 1732 3798 cum
1769 3761 1904 3798 con·
1970 3751 1980 3762 ·

208 3824 596 3879 ductoribus
631 3823 768 3876 salis
804 3823 879 3875 de
913 3821 1144 3875 civitate
1181 3821 1468 3875 Cremone
1503 3821 1579 3874 ad
1613 3822 1902 3875 civitatem

219 3901 522 3968 Pergami
559 3899 827 3960 tollatur;
867 3907 926 3952 et
960 3898 1036 3951 de
1071 3907 1264 3952 cetero
1301 3898 1441 3952 illud
1478 3915 1790 3964 gravamen
1819 3899 1903 3952 eis

218 3995 356 4033 non
413 3977 520 4030 fiat
576 3992 682 4042 per
722 3975 1015 4041 sapientes
1063 3975 1288 4040 gabelle
1336 3975 1604 4041 expensis
1647 3974 1902 4042 ipsorum

213 4053 700 4114 conductorum,
752 4051 1020 4106 faciendo
1058 4052 1194 4105 dicti
1232 4052 1614 4105 conductores
1658 4067 1902 4116 genera-

213 4135 350 4186 lem
391 4128 777 4182 securitatem
814 4127 890 4182 de
929 4143 1046 4182 non
1070 4127 1419 4182 dimittendo
1443 4128 1698 4194 aliquam
1725 4145 1905 4194 quan-

215 4211 474 4264 titatem
498 4207 638 4259 salis
674 4205 734 4258 in
771 4205 1112 4272 episcopatu
1149 4221 1255 4257 nec
1300 4204 1554 4258 districtu
1596 4206 1902 4268 Cremone,

215 4287 308 4338 de
345 4299 482 4351 qua
517 4281 832 4336 securitate
870 4281 1076 4334 notarii
1121 4281 1346 4346 gabelle
1383 4296 1498 4334 non
1540 4281 1764 4346 possint
1799 4297 1903 4334 nec

209 4362 508 4414 debeant
555 4358 819 4424 accipere
867 4358 1017 4412 ultra
1064 4358 1326 4425 quinque
1365 4356 1562 4410 soldos
1597 4357 1800 4423 imper.
1846 4367 1906 4412 et

217 4436 406 4506 quod
464 4435 542 4488 de
596 4434 806 4488 boletis
861 4451 980 4502 que
1023 4433 1164 4488 fient
1211 4433 1350 4500 ipsis
1401 4434 1812 4488 mercatoribus
1846 4445 1904 4489 et

219 4513 478 4569 nunciis
514 4527 722 4564 eorum
757 4511 834 4564 de
857 4511 1234 4564 concessione
1272 4510 1452 4576 ipsius
1475 4510 1610 4563 salis
1643 4509 1778 4564 dicti
1802 4528 1904 4564 no-

217 4589 365 4644 tarii
411 4603 538 4640 non
575 4587 801 4653 possint
825 4585 1086 4652 accipere
1125 4586 1270 4640 ultra
1309 4585 1365 4637 id
1402 4585 1563 4653 quod
1585 4587 1902 4653 antiquitus

215 4667 488 4722 solitum
526 4673 618 4716 est
660 4662 864 4730 accipi,
915 4670 974 4716 et
1009 4662 1168 4730 quod
1217 4661 1292 4715 de
1335 4661 1625 4728 predictiS,
1663 4663 1710 4715 si
1754 4663 1904 4729 opus‘

219 4742 440 4800 suerit,
478 4739 774 4806 sapientes
809 4739 1040 4804 gabelle
1075 4747 1381 4792 teneantur
1405 4747 1465 4792 et
1486 4738 1738 4792 debeant
1773 4756 1902 4805 pro-

217 4821 538 4873 visionem
574 4815 762 4870 sacere
799 4831 918 4884 que
953 4815 1140 4870 valeat
1174 4825 1232 4868 et
1266 4822 1460 4869 teneat
1495 4817 1569 4869 de
1606 4815 1750 4870 iure.

296 4925 558 4977 Testes:
599 4923 674 4975 D.
717 4921 1071 4974 Branchinus
1096 4919 1170 4973 de
1196 4919 1418 4981 ZochiS,
1458 4919 1802 4974 Guilielmus
1824 4920 1900 4972 de

215 4998 572 5065 Codelupis
597 5007 658 5051 et
679 4997 1001 5051 Andriolus
1019 4995 1094 5050 de
1118 4997 1446 5058 SalaxeriiS,
1473 5005 1530 5050 et
1554 4997 1747 5063 plures
1781 4996 1896 5050 alii.

217 5231 368 5290 193.
419 5245 508 5256 —
561 5227 751 5288 1307,
798 5206 977 5271 mad.
1027 5228 1126 5288 29,
1201 5208 1288 5280 V,
1344 5206 1390 5272 l.
1445 5214 1655 5294 super
1707 5206 1898 5270 domo

313 5302 482 5388 gab.
544 5301 938 5366 Cremonae.
996 5301 1064 5376 C,
1120 5305 1257 5382 189.

325 5437 670 5504 Provisio
729 5437 1056 5521 gabellae
1122 5439 1314 5521 quod
1381 5437 1648 5500 denarii
1717 5437 1899 5501 dacii

3506 284 3625 346 Ι57

1997 522 2143 585 vini
2182 542 2403 604 usque
2435 524 2524 585 ad
2555 523 2625 586 S.
2662 523 3071 586 Michaelem
3106 526 3317 606 (1307,
3352 544 3383 586 2
3420 524 3625 604 mad.)

1997 617 2296 680 debeant
2324 617 2488 697 poni
2520 638 2732 699 super
2759 617 2999 680 tabula
3027 618 3330 680 Nicolini
3361 618 3447 679 de
3477 617 3625 680 Ma-

1997 710 2239 794 cagnis
2285 721 2357 774 et
2398 712 2881 774 tantummodo
2926 712 3233 794 expendi
3278 732 3406 793 pro
3441 711 3627 774 solu-

1995 804 2195 867 cione
2238 804 2557 867 facienda
2600 805 2908 867 Henrico
2952 805 3168 868 Ferro
3220 805 3386 866 olim
3432 814 3626 886 pote-

1998 897 2159 960 stati
2202 910 2271 960 et
2315 897 2727 961 officialibus
2786 899 3123 980 gabellae.
3190 899 3364 961 Item
3433 897 3623 980 quod

1997 991 2212 1054 iudex
2241 991 2587 1073 capitanei
2620 991 2991 1073 deputatus
3014 993 3104 1055 ad
3128 991 3429 1055 officium
3455 1000 3635 1078 stra-

1996 1096 2223 1148 tarum
2252 1095 2322 1148 et
2358 1087 2497 1148 duo
2528 1086 2997 1167 gabellatores
3020 1088 3325 1148 habeant
3347 1086 3627 1166 plenam

1996 1179 2304 1260 bayliam
2349 1179 2813 1259 compellendi
2860 1181 3237 1242 vetturales
3292 1181 3383 1241 ad
3434 1180 3627 1241 labo-

1998 1273 2290 1336 randum
2353 1273 2444 1335 ad
2494 1283 3019 1336 conzamentum
3070 1284 3440 1336 stratarum
3486 1292 3630 1335 ma-

2001 1367 2375 1450 gistrarum
2421 1366 2725 1431 civitatis
2769 1387 2983 1429 unum
3029 1367 3211 1429 diem
3270 1386 3400 1448 pro
3459 1387 3629 1449 quo-

1999 1461 2171 1523 libet
2214 1470 2282 1522 et
2326 1480 2454 1542 pro
2502 1481 2782 1543 quoque
2826 1461 2994 1544 iugo
3039 1463 3271 1524 boum.

1999 1701 2127 1762 194.
2173 1719 2252 1728 —
2307 1703 2487 1762 1307,
2531 1681 2622 1747 id.
2668 1681 2757 1746 id.
2810 1683 2880 1758 C,
2936 1704 3075 1764 192.

2084 1819 2408 1883 Provisio
2439 1821 2756 1904 gabellae
2786 1822 2975 1902 quod
3006 1821 3319 1902 provisio
3354 1827 3429 1886 28
3456 1821 3629 1886 febr.

2009 1933 2165 1993 1307
2212 1913 2307 1995 (C,
2362 1915 2498 1994 179)
2544 1915 2635 1978 sit
2678 1934 2876 1977 cassa
2906 1929 2975 1977 et
3005 1916 3263 1979 nullius
3296 1919 3629 1980 momenti

2002 2016 2071 2069 et
2116 2020 2387 2071 veteres
2431 2009 2869 2089 provisiones
2918 2010 3004 2071 de
3034 2011 3275 2073 eadem
3312 2011 3489 2073 rein
3525 2021 3627 2074 to—

1997 2109 2147 2163 turn
2193 2103 2672 2165 observentur.

1998 2341 2122 2403 195.
2167 2359 2251 2370 —
2304 2344 2481 2403 1307,
2530 2321 2704 2386 mad.
2754 2344 2855 2401 30,
2928 2323 3000 2397 V,
3044 2323 3087 2386 l.
3116 2331 3327 2410 super
3361 2325 3627 2409 palatio

2079 2415 2231 2500 gab.
2288 2417 2672 2480 Cremonae.
2728 2417 2795 2490 C,
2852 2437 2991 2496 190.

2085 2551 2407 2616 Provisio
2451 2553 2769 2636 gabellae
2813 2554 3005 2634 quod
3032 2553 3475 2618 incantentur
3502 2577 3633 2638 per

2002 2665 2039 2726 5
2086 2666 2303 2708 annos
2350 2646 2660 2710 redditus
2705 2645 2945 2728 Ceppi,
2992 2649 3190 2710 salvo
3235 2651 3427 2730 quod
3478 2671 3633 2732 per-

2002 2760 2175 2802 sona
2218 2739 2552 2822 religiosa
2585 2740 2810 2802 solum
2840 2741 3066 2821 possit
3096 2761 3216 2804 eos
3253 2742 3528 2816 habere,
3562 2756 3633 2807 et

2000 2832 2265 2895 denarii
2328 2835 2819 2915 expendantur
2873 2837 3357 2918 tantummodo
3411 2835 3483 2898 in
3536 2837 3633 2898 la-

1999 2927 2279 2989 borerio
2312 2927 2651 2990 ecclesiae
2695 2927 2979 2990 maioris
3009 2929 3097 3010 (v.
3130 2948 3188 2991 a.
3231 2949 3412 3006 1302,
3446 2939 3627 3011 sept.

2003 3023 2124 3100 20).
2170 3022 2341 3084 Item
2392 3021 2583 3104 quod
2626 3021 2891 3084 denarii
2936 3041 3113 3104 quos
3158 3033 3471 3103 potestas
3536 3023 3633 3086 fa-

2001 3115 2137 3176 ciet
2180 3115 2372 3196 exigi
2419 3125 2488 3176 et
2534 3114 2773 3178 venire
2818 3134 3029 3196 super
3072 3117 3311 3178 tabula
3340 3115 3630 3182 Nicolae

1999 3206 2086 3270 de
2132 3207 2498 3290 Macagnis
2541 3227 2672 3288 pro
2718 3208 3189 3272 credenderiis
3234 3209 3355 3291 qui
3385 3211 3623 3273 volue-

1999 3301 2139 3364 rint
2183 3321 2258 3363 se
2302 3301 2530 3363 facere
2592 3301 2805 3364 scribi
2859 3303 2948 3364 ad
3003 3301 3369 3365 consilium
3436 3324 3625 3366 cara-

2003 3413 2220 3457 vanae
2285 3396 2585 3456 debeant
2652 3395 2801 3456 dari
2867 3394 3054 3458 dicto
3113 3395 3444 3476 potestati
3495 3416 3627 3477 pro

1999 3488 2342 3551 solutione
2398 3489 2617 3568 partis
2687 3487 2919 3550 salarii
2987 3489 3115 3550 sui.
3185 3489 3363 3552 Item
3437 3489 3627 3570 quod

2000 3581 2339 3644 Cabrinus
2385 3583 2470 3642 de
2516 3579 2734 3644 Moris
2779 3591 2849 3644 et
2891 3581 3253 3644 Nicolinus
3299 3584 3387 3644 de
3415 3581 3633 3644 Cava-

1999 3675 2191 3737 leriis
2236 3686 2303 3737 et
2348 3674 2540 3745 socii,
2588 3685 2937 3755 emptores
2963 3685 3208 3738 tansae
3239 3677 3326 3738 de
3357 3674 3622 3739 Malfia-

2001 3770 2165 3832 stris
2208 3779 2278 3831 et
2323 3768 2643 3850 gabellae
2677 3769 3109 3831 tranversiae
3140 3790 3183 3830 a
3214 3771 3449 3832 strada
3482 3769 3633 3832 Ro-

2001 3862 2244 3925 becchi
2298 3881 2543 3942 supra,
2603 3861 2912 3924 habeant
2958 3862 3271 3925 redditus
3316 3863 3627 3942 ipsarum

2001 3975 2129 4038 per
2172 3966 2395 4018 totum
2438 3965 2875 4036 praesentem
2918 3975 3204 4029 annum,
3263 3976 3479 4037 quum
3534 3955 3635 4019 in-

2001 4048 2363 4131 tegraliter
2405 4068 2545 4110 non
2589 4047 2984 4129 potuissent
3021 4069 3145 4112 eos
3175 4050 3485 4132 recipere
3518 4070 3630 4113 oc-

2003 4143 2284 4206 casione
2329 4161 2622 4224 guerrae
2678 4141 3157 4224 Martinenghi
3212 4145 3337 4206 sed
3392 4145 3623 4206 solum

2003 4236 2074 4298 in
2118 4248 2303 4299 terra
2348 4236 2417 4298 S.
2463 4235 2758 4298 Baxiani
2804 4246 2875 4299 et
2918 4237 3335 4300 Zenivoltae.

2000 4463 2125 4536 196.
2169 4493 2254 4506 -·-
2304 4477 2481 4537 1307,
2518 4455 2665 4520 iun.
2704 4478 2797 4535 13,
2842 4458 2923 4530 V,
2946 4456 2989 4521 l.
3020 4465 3229 4542 super
3259 4456 3450 4522 domo
3472 4459 3629 4543 gab.

2098 4551 2479 4616 Cremonae.
2536 4552 2603 4626 C,
2658 4571 2794 4631 193.

2086 4687 2406 4749 Provisio
2460 4686 2779 4768 gabellae
2837 4688 3029 4769 quod
3078 4688 3235 4752 illae
3283 4694 3364 4753 80
3407 4691 3630 4754 librae

2000 4781 2165 4861 imp.
2221 4801 2397 4862 quas
2451 4781 2659 4843 debet
2706 4781 2979 4844 solvere
3024 4803 3153 4864 pro
3197 4781 3362 4846 ficto
3408 4783 3629 4867 Ceppi

1997 4875 2204 4937 unius
2249 4873 2412 4936 anni
2455 4872 2666 4936 frater
2708 4875 3051 4938 Martinus
3108 4877 3197 4938 de
3259 4877 3632 4940 Paninsac-

1998 4968 2148 5031 chis
2192 4971 2281 5050 (v.
2328 4987 2387 5029 a.
2443 4987 2619 5045 1302,
2668 4978 2843 5049 sept.
2909 4970 3051 5051 20),
3111 4989 3252 5032 non
3307 4971 3634 5035 obstante

1995 5060 2400 5142 provisione
2447 5080 2528 5138 30
2572 5062 2784 5124 madii
2829 5061 3217 5143 praeteriti,
3265 5064 3633 5128 solvantur

1945 5211 1950 5223 ,
1998 5156 2088 5217 ad
2130 5171 2481 5236 praesenS,
2528 5173 2687 5216 cum
2732 5174 2869 5217 non
2914 5156 3055 5218 sint
3100 5156 3365 5218 denarii
3411 5157 3482 5218 in
3517 5178 3637 5241 ga·

1925 5277 1932 5283 ·
1995 5249 2199 5322 bella,
2245 5247 2621 5311 conventui
2687 5247 2977 5312 fratrum
3029 5249 3373 5313 minorum
3427 5253 3515 5331 (v.
3564 5271 3623 5315 a.

2005 5362 2183 5421 1307,
2228 5343 2411 5404 mad.
2465 5342 2561 5422 18)
2607 5352 2677 5405 et
2728 5343 3181 5406 restituantur
3215 5354 3463 5425 postea
3489 5364 3623 5425 pro

1944 5442 1951 5512 ἰ
1996 5435 2343 5499 laborerio
2388 5433 2725 5500 ecclesiae
2769 5437 2857 5500 de
2899 5455 3109 5500 avere
3154 5437 3499 5520 gabellae.
