4050 6109
479 293 558 351 34

1321 413 1391 419 *-
1432 416 1609 423 --,--

475 530 666 584 vitatis
704 533 1044 597 Cremonae,
1083 550 1200 587 non
1238 535 1460 601 possint
1494 536 1708 591 habere
1747 538 1975 607 aliquos
2009 540 2115 594 sti-

477 608 808 675 pendiarios
831 625 934 663 seu
957 610 1300 665 soldaterios
1335 614 1604 680 expensis
1627 617 1954 669 communis
1979 617 2115 670 Cre-

480 701 708 739 monae.
750 687 823 739 Et
857 684 1017 753 quod
1059 695 1258 741 contra
1302 690 1594 755 praedicta
1628 691 1719 743 vel
1755 691 1812 744 in
1849 692 2113 746 fraudem

479 761 904 827 praedictorum
940 762 1156 829 aliquid
1212 782 1328 818 non
1373 766 1556 831 possit
1589 766 1710 820 fieri
1746 769 1836 819 vel
1873 769 2113 835 proponi

482 838 660 891 modo
695 838 886 906 aliquo
921 839 978 893 in
1003 840 1202 907 aliquo
1223 842 1460 895 consilio
1495 843 1726 909 publico
1749 846 1838 897 vel
1871 846 2095 911 privato

483 916 556 967 Et
592 915 700 967 hoc
735 924 1012 969 statutum
1061 918 1135 971 sit
1168 927 1455 983 truncum,
1511 920 1817 985 precisum,
1849 922 2113 975 ultimum

481 999 540 1045 et
575 990 1013 1058 derogatorium,
1041 1001 1149 1047 etc.

1253 1146 1337 1197 34·

663 1267 758 1319 De
790 1268 1053 1321 electione
1085 1268 1303 1322 domini
1332 1271 1660 1323 executoris
1694 1270 1940 1325 iustitiae

865 1347 924 1397 et
950 1346 1392 1399 solemnitatibus
1425 1348 1742 1401 servandis.

557 1484 702 1535 Item
729 1480 940 1534 eodem
967 1482 1271 1535 millesimo
1308 1484 1618 1537 indictione
1643 1494 1700 1539 et
1729 1502 1947 1539 mense.
1975 1488 2125 1539 Cum

489 1558 668 1611 multa
703 1558 1012 1619 maleficia,
1059 1560 1349 1623 robariae,
1390 1562 1655 1616 incendia
1707 1570 1765 1615 et
1818 1563 2128 1617 homicidia

489 1642 548 1689 et
581 1634 693 1687 alia
742 1634 1036 1687 horribilia
1086 1637 1358 1691 continue
1411 1639 1843 1693 committantur
1884 1640 1939 1692 in
1987 1640 2129 1692 civi-

487 1719 606 1767 tate
635 1721 693 1765 et
727 1710 985 1765 districtu
1024 1713 1362 1775 Cremonae,
1401 1724 1460 1767 et
1495 1714 1573 1768 illi
1608 1715 1683 1768 de
1719 1716 1936 1782 populo
1972 1726 2031 1771 et
2055 1716 2129 1769 de

489 1790 754 1857 paraticis
793 1804 826 1840 a
863 1790 1086 1856 magnis
1135 1798 1194 1843 et
1245 1791 1572 1856 potentibus
1617 1792 1884 1845 continue
1935 1802 2131 1846 contu-

491 1867 677 1919 meliis
713 1875 772 1921 et
804 1866 1085 1920 violentiis
1121 1866 1466 1934 affligantur.
1508 1869 1579 1923 Et
1617 1868 1788 1923 etiam
1826 1886 1959 1923 cum
1998 1870 2130 1922 hinc

494 1953 646 1997 retro
683 1952 896 1997 statuta
931 1952 1049 1995 tam
1091 1944 1416 1997 communis
1457 1961 1634 2011 quam
1673 1946 1872 2012 populi
1909 1962 2012 2014 per
2048 1962 2131 1999 re-

494 2030 680 2074 ctores
713 2030 833 2073 tam
869 2021 1196 2073 communis
1224 2037 1400 2087 quam
1438 2022 1636 2087 populi
1675 2040 1790 2075 non
1827 2024 1976 2075 bene
2014 2023 2133 2075 sue-

493 2098 606 2150 rint
662 2098 982 2151 observata.
1043 2098 1116 2149 Et
1168 2098 1342 2151 etiam
1397 2114 1530 2150 cum
1585 2116 1756 2151 avere
1807 2099 2133 2153 communis

497 2176 820 2227 Cremonae
858 2174 1112 2227 indebite
1148 2174 1510 2239 expendatur
1552 2184 1610 2229 et
1646 2176 2011 2241 dilapidetur.
2061 2178 2134 2228 Et

496 2253 668 2305 etiam
707 2252 904 2312 multa,
945 2252 1275 2305 inconsultis
1321 2260 1378 2305 et
1427 2253 1764 2319 irrequisitis
1801 2252 2135 2306 consulibus

496 2338 554 2383 et
589 2330 860 2385 anzianiS.
901 2328 1040 2381 fiant
1089 2345 1192 2395 per
1246 2339 1498 2383 rectores
1533 2331 1862 2383 communis
1899 2332 2135 2383 Cremo-

496 2424 606 2461 nae
634 2406 926 2472 tangentia
947 2413 1160 2460 statum
1185 2407 1506 2459 communis
1532 2408 1857 2460 Cremonae
1880 2416 1938 2459 et
1960 2407 2137 2473 partis

498 2483 772 2537 ecclesiae
801 2482 876 2534 de
912 2483 1214 2536 Cremona.
1245 2484 1317 2537 Et
1354 2492 1592 2549 propter
1630 2502 1699 2537 ea
1735 2482 2000 2537 consules
2023 2487 2137 2536 col-

499 2560 802 2623 legiorum,
865 2559 1140 2621 iudicum,
1200 2560 1552 2613 notariorum
1609 2570 1666 2613 et
1713 2560 2137 2614 mercatandiae

501 2637 840 2704 principales
877 2638 1088 2691 fuerint
1124 2638 1180 2689 in
1219 2638 1583 2703 procurando
1621 2637 1780 2705 quod
1818 2654 1919 2703 per
1955 2653 2139 2703 popu—

498 2716 619 2767 lum
657 2715 983 2767 Cremonae
1019 2730 1192 2780 super
1228 2714 1537 2781 praedictis
1573 2715 1814 2768 deberet
1837 2714 2138 2768 salubriter

499 2790 805 2858 provideri.
851 2790 1071 2843 Idcirco
1107 2807 1212 2856 pro
1247 2791 1652 2844 observatione
1701 2800 1759 2846 et
1795 2791 2139 2844 executione

501 2868 749 2921 iustitiae
774 2866 964 2920 fienda
1001 2867 1058 2921 in
1095 2867 1322 2920 civitate
1359 2870 1703 2928 Cremonae,
1742 2877 1801 2922 et
1827 2877 1888 2919 ut
1913 2874 2141 2920 cessent

503 2944 826 3004 violentiae,
866 2944 1146 3002 robariae,
1173 2943 1481 2997 homicidia
1518 2952 1575 2997 et
1611 2944 1720 2997 alia
1757 2943 2054 3004 maleficia,
2085 2953 2142 2996 et

507 3030 569 3091 ut
609 3020 688 3073 illi
738 3020 812 3073 de
848 3020 1065 3087 populo
1102 3030 1158 3073 et
1194 3020 1269 3073 de
1306 3020 1526 3074 artibus
1561 3040 1596 3075 a
1630 3021 1962 3087 potentibus
1985 3021 2078 3073 vel
2108 3038 2143 3073 a

508 3097 973 3165 quibuscumque
1008 3096 1133 3151 aliis
1169 3098 1426 3151 indebite
1465 3114 1579 3151 non
1628 3098 2046 3164 opprimantur,
2086 3107 2145 3151 et

509 3174 582 3227 ad
622 3176 731 3227 hoc
773 3184 835 3229 ut
870 3182 1083 3228 statuta
1117 3174 1444 3227 communis
1488 3182 1547 3228 et
1583 3174 1778 3241 populi
1819 3176 2144 3228 Cremonae

511 3268 612 3318 per
648 3259 898 3305 rectores
945 3251 1197 3305 debeant
1253 3252 1565 3313 observari,
1605 3260 1662 3305 et
1704 3260 1767 3305 ut
1802 3252 2052 3318 populus
2088 3260 2145 3303 et

512 3329 697 3382 honor
731 3328 928 3395 populi
966 3328 1038 3381 ad
1077 3328 1358 3381 honorem
1384 3328 1604 3381 domini
1643 3328 1821 3382 nostri
1851 3328 2025 3394 Regis
2048 3344 2147 3381 au-

512 3413 716 3472 geatur
751 3413 809 3458 et
843 3419 948 3471 pro
984 3404 1322 3457 defensione
1362 3404 1540 3470 partis
1575 3405 1852 3458 ecclesiae
1889 3403 1964 3457 de
2011 3404 2147 3457 Cre-

515 3498 707 3542 mona,
747 3490 804 3534 et
837 3481 911 3534 ad
950 3482 1062 3533 hoc
1095 3490 1158 3534 ut
1202 3497 1375 3534 avere
1417 3481 1744 3533 communis
1783 3496 1898 3533 non
1935 3496 2148 3545 expen-

516 3560 684 3611 datur
720 3558 994 3618 indebite,
1033 3567 1310 3612 statutum
1365 3566 1423 3610 et
1475 3558 1804 3611 ordinatum
1841 3566 1946 3617 est,
1988 3556 2148 3623 quod

517 3651 622 3700 pro
657 3634 998 3687 executione
1034 3634 1294 3687 omniurn
1351 3634 1776 3701 praedictorum
1815 3642 1872 3686 et
1907 3634 2147 3687 aliorum

518 3726 670 3777 quae
705 3710 916 3763 suerint
950 3711 1109 3763 utilia
1143 3712 1438 3764 communi
1483 3720 1542 3764 et
1576 3712 1792 3778 populo
1829 3712 2152 3763 Cremonae

519 3795 576 3841 et
611 3788 754 3853 parti
794 3788 1067 3841 ecclesiae
1117 3788 1192 3841 de
1245 3789 1535 3841 Cremona
1585 3788 1760 3841 modo
1797 3787 2153 3852 infrascripto

520 3874 576 3918 et
612 3864 875 3917 omnium
910 3866 1226 3918 amicorum
1263 3874 1322 3918 et
1362 3881 1469 3931 pro
1515 3865 1715 3918 maiori
1754 3864 2018 3918 firmitate
2054 3879 2155 3930 po-

522 3941 640 4007 puli
679 3943 1021 4005 Cremonae,
1071 3942 1449 3996 incontinenti
1501 3941 1805 4008 publicatis
1845 3940 2011 3993 dictis
2046 3949 2156 3994 sta—

521 4018 658 4072 tutis
693 4018 1064 4084 loquentibus
1091 4018 1164 4071 de
1189 4028 1496 4071 executore
1531 4019 1618 4070 vel
1658 4034 1832 4085 quam
1866 4018 2032 4070 citius
2056 4032 2155 4083 po-

523 4096 671 4157 terit,
711 4096 953 4160 eligatur
1005 4103 1064 4150 et
1119 4096 1250 4161 eligi
1304 4095 1516 4149 debeat
1570 4111 1720 4148 unus
1766 4094 1868 4161 qui
1921 4104 2159 4147 vocetur

524 4180 798 4226 executor
832 4172 1081 4225 iustitiae
1107 4173 1164 4225 in
1195 4174 1348 4225 hunc
1385 4173 1626 4225 modum
1655 4171 1957 4225 videlicet:
1997 4170 2157 4237 quod
2230 4226 2233 4228 Α

524 4247 792 4301 consules
825 4248 1080 4302 iudicum
1119 4258 1176 4303 et
1212 4249 1597 4311 notariorum,
1637 4249 1736 4316 qui
1778 4256 1912 4301 sunt
1946 4247 2021 4300 de
2058 4263 2159 4312 po-

525 4325 684 4391 pule,
723 4324 824 4391 qui
877 4325 1145 4378 consules
1197 4334 1360 4378 erant
1407 4327 1675 4379 consules
1709 4324 1784 4378 de
1827 4342 2028 4379 mense
2062 4324 2159 4377 de-

528 4400 774 4455 cembris
809 4402 920 4454 sub
957 4416 1250 4465 Mcccxm,
1289 4402 1502 4466 eligant
1537 4402 1686 4455 duos
1721 4418 1792 4455 ex
1827 4400 2161 4455 consulibus

532 4478 953 4532 mercatandiae
989 4495 1138 4545 quos
1171 4478 1477 4532 voluerint.
1505 4479 1605 4546 qui
1629 4479 1895 4533 consules
1931 4476 2159 4531 insimul

530 4571 592 4607 se
629 4564 984 4621 congregent
1039 4555 1092 4607 in
1149 4572 1377 4608 camera
1431 4555 1624 4615 palatii
1668 4554 1993 4607 communis
2029 4554 2164 4605 Cre-

534 4648 740 4684 monae
776 4633 864 4684 vel
901 4632 1035 4685 alibi
1073 4632 1288 4699 eligant
1321 4640 1437 4685 tres
1485 4646 1588 4698 per
1622 4640 1850 4698 portam
1887 4630 1961 4683 de
1996 4628 2165 4682 infra-

532 4709 756 4773 scriptis
791 4708 1066 4775 collegiiS,
1105 4708 1592 4771 universitatibuS,
1630 4707 1915 4773 paraticis.
1957 4708 2031 4759 Et
2065 4706 2163 4772 qui

533 4802 736 4838 omnes
771 4786 1039 4838 consules
1063 4795 1122 4839 et
1156 4787 1444 4852 sapientes
1469 4786 1549 4839 sic
1576 4784 1806 4838 insimul
1838 4782 2164 4839 existentes

535 4870 848 4928 antequam
885 4862 1156 4916 recedant
1181 4862 1255 4915 de
1280 4863 1432 4916 dicta
1459 4878 1706 4925 camera,
1737 4860 1951 4927 eligant
1976 4860 2165 4926 ipsum

535 4947 926 5000 executorem,
955 4940 1055 4993 ubi
1079 4939 1231 4992 duae
1255 4948 1448 5006 partes
1483 4954 1682 4992 eorum
1708 4936 1918 4991 fuerint
1941 4937 1998 4989 in
2035 4952 2168 4988 con-

537 5016 752 5077 cordia,
791 5016 940 5069 sacto
975 5016 1123 5070 inter
1159 5032 1260 5069 eos
1296 5015 1507 5082 partito
1543 5014 1618 5068 ad
1654 5014 1917 5067 bussolas
1953 5022 2012 5066 et
2052 5014 2169 5065 bal-

536 5093 683 5145 lotas
719 5091 805 5145 vel
843 5094 1006 5146 aliter
1041 5102 1212 5159 prout
1247 5093 1330 5145 eis
1367 5092 1572 5146 melius
1605 5090 1912 5144 videbitur.
1953 5090 2027 5143 Et
2070 5089 2167 5155 qui

537 5170 618 5222 sic
642 5170 858 5222 electus
893 5170 1060 5223 suerit
1097 5169 1440 5235 intelligatur
1464 5184 1590 5221 esse
1627 5175 1900 5220 executor
1923 5166 2170 5220 iustitiae

540 5246 884 5299 authoritate
919 5246 1238 5312 praesentis
1276 5245 1492 5299 statuti.
1533 5246 1606 5297 Et
1641 5244 1800 5311 quod
1838 5243 1930 5296 alii
1967 5258 2171 5295 execu-

541 5332 694 5376 tores
733 5323 788 5375 in
825 5332 1119 5390 posterum
1158 5322 1408 5389 eligendi
1445 5321 1698 5375 debeant
1733 5321 1863 5386 eligi
1903 5328 2036 5373 ante
2070 5335 2174 5384 per

543 5415 721 5455 unum
761 5416 1022 5453 mensem
1059 5399 1246 5453 exitus
1282 5398 1626 5453 executoriS.
1663 5414 1765 5464 per
1788 5395 2057 5449 consules
2093 5394 2174 5446 di-

541 5486 765 5531 ctorum
801 5476 1172 5548 collegiorum
1209 5476 1309 5547 qui
1350 5490 1456 5545 pro
1500 5483 1764 5545 tempore
1807 5473 2035 5534 suerint,
2073 5470 2173 5538 qui

1477 293 1746 344 CODICE
1787 296 2305 349 DIPLOMATICO
2352 298 2813 349 CREMONESE

2208 542 2322 597 sint
2357 543 2431 597 de
2464 544 2685 612 populo
2720 554 2959 600 tantum.
3000 546 3072 598 Et
3108 546 3326 613 priores
3360 546 3617 612 ipsorum
3654 546 3828 600 colle-

2208 620 2433 686 giorum
2472 628 2531 677 et
2565 623 2783 688 priores
2819 622 3211 688 infrascriptae
3236 622 3619 677 universitatis
3654 632 3717 676 et
3752 640 3839 677 ar-

2210 697 2355 751 tium
2378 697 2663 765 eligentur
2686 714 2790 765 per
2814 698 3234 766 infrascriptum
3261 700 3501 753 modum
3535 717 3669 754 cum
3699 717 3843 767 qua-

2210 783 2343 827 tuor
2382 776 2738 841 sapientibus
2788 792 2892 842 per
2944 786 3170 842 portam
3222 777 3297 829 de
3342 777 3560 844 populo
3609 785 3839 831 tantum

2211 851 2491 917 eligendis
2510 869 2613 919 per
2636 852 2821 906 dictos
2857 852 3123 906 consules
3145 852 3431 907 dictorum
3462 854 3843 920 collegiorum

2162 979 2166 1001 1
2212 926 2287 980 de
2322 929 2561 996 populo.
2601 930 2779 983 Cuius
2804 929 3127 983 executoris
3150 929 3405 983 officium
3439 930 3610 985 duret
3642 940 3709 984 et
3741 930 3847 983 du—

2162 1009 2166 1042 l

2162 1055 2167 1096 ι

2164 1127 2169 1186 i

2164 1195 2170 1236 ι

2212 1022 2337 1058 rare
2373 1006 2584 1059 debeat
2618 1023 2719 1072 per
2755 1015 2869 1061 tres
2906 1022 3135 1060 menses
3171 1015 3415 1062 tantum.
3452 1009 3527 1061 Et
3558 1006 3725 1074 quod
3750 1006 3849 1059 ali—

2214 1082 2343 1149 quis
2373 1097 2487 1135 non
2528 1083 2706 1149 possit
2741 1081 2874 1148 eligi
2910 1082 2967 1135 in
3004 1091 3395 1147 executorem,
3422 1083 3528 1137 nisi
3563 1083 3742 1137 suerit
3774 1082 3849 1135 de

2215 1158 2381 1212 dictis
2414 1159 2631 1212 artibus
2667 1176 2770 1213 seu
2807 1158 3041 1227 colegiis
3078 1168 3137 1212 et
3169 1160 3245 1212 de
3283 1160 3653 1215 universitate
3690 1168 3751 1213 et
3774 1158 3851 1211 de

2218 1236 2455 1303 popule,
2494 1244 2553 1289 et
2594 1235 2839 1303 propriis
2887 1236 3157 1290 manibus
3209 1237 3377 1292 saciat
3418 1254 3521 1290 seu
3574 1243 3851 1290 exerceat

2218 1321 2401 1366 artem
2437 1329 2545 1366 suo
2580 1329 2821 1379 corpore
2870 1314 3155 1369 dictorum
3198 1314 3572 1380 collegiorum
3610 1330 3717 1367 seu
3756 1330 3856 1379 pa-

2220 1390 2527 1444 raticorum
2553 1399 2613 1445 et
2638 1391 3036 1446 universitatis
3069 1394 3143 1447 Et
3166 1392 3327 1460 quod
3365 1391 3697 1459 praedictus
3725 1406 3856 1443 exe-

2221 1476 2386 1521 cutor
2420 1467 2631 1522 debeat
2678 1484 2804 1521 esse
2859 1470 3041 1523 maior
3089 1478 3277 1523 aetate
3323 1469 3557 1535 triginta
3597 1468 3854 1523 duorum

2223 1562 2527 1599 annorum.
2568 1547 2643 1599 Et
2676 1544 2835 1613 quod
2870 1547 3100 1613 aliquiS,
3157 1546 3259 1614 qui
3296 1547 3371 1600 de
3408 1563 3563 1599 novo
3600 1552 3859 1599 entraret

2225 1624 2281 1676 in
2320 1622 2514 1689 aliquo
2550 1623 2625 1676 de
2662 1624 2827 1677 dictis
2863 1624 3119 1689 collegiis
3156 1640 3259 1677 seu
3295 1623 3671 1689 infrascriptis
3696 1638 3861 1689 para-

2224 1700 2371 1761 ticis,
2410 1716 2525 1753 non
2562 1700 2744 1767 possit
2780 1702 2911 1767 eligi
2950 1718 3055 1755 nec
3080 1718 3207 1755 esse
3242 1710 3519 1754 executor
3556 1715 3750 1766 usque
3786 1699 3859 1751 ad

2226 1776 2485 1842 quinque
2516 1792 2718 1838 annOS,
2773 1777 3197 1843 computandos
3246 1794 3281 1829 a
3316 1785 3581 1842 tempore
3616 1788 3743 1842 quo
3779 1774 3862 1827 in-

2226 1852 2395 1907 travit
2437 1853 2590 1906 dicta
2640 1853 2881 1919 collegia
2933 1870 3036 1907 seu
3083 1852 3352 1919 paratica.
3392 1854 3465 1907 Et
3505 1852 3563 1906 in
3598 1851 3859 1919 priorem

2229 1930 2467 1983 alicuius
2503 1929 2727 1997 collegii
2764 1947 2867 1983 seu
2912 1930 3047 1983 artis
3082 1930 3291 1997 aliquis
3326 1945 3443 1983 non
3480 1929 3671 1996 possit
3702 1926 3860 1994 eligi,

2230 2006 2337 2060 nisi
2373 2006 2541 2060 fuerit
2576 2007 2650 2059 de
2688 2007 2824 2073 ipsis
2860 2007 3117 2073 collegiis
3140 2023 3243 2061 seu
3270 2006 3555 2073 paraticiS,
3582 2014 3643 2058 et
3671 2013 3859 2058 artem

2230 2084 2349 2136 suis
2384 2082 2628 2149 propriis
2675 2084 2944 2136 manibus
2988 2083 3079 2136 vel
3132 2100 3375 2150 corpore
3410 2082 3859 2136 convenientem

2230 2161 2335 2227 ipsi
2372 2160 2616 2225 collegio
2652 2176 2751 2213 seu
2791 2160 3043 2226 paratico
3079 2160 3419 2213 exercuerit.
3458 2160 3532 2213 Et
3555 2157 3723 2225 quod
3760 2158 3865 2211 ali-

2230 2238 2379 2305 quis,
2418 2237 2517 2304 qui
2556 2236 2629 2289 de
2667 2253 2819 2290 novo
2872 2238 3107 2291 intraret
3154 2236 3307 2291 dicta
3342 2234 3585 2301 collegia
3618 2252 3727 2289 seu
3766 2252 3864 2301 pa-

2231 2315 2425 2377 ratica,
2467 2331 2583 2367 non
2620 2314 2801 2381 possit
2846 2314 2981 2379 eligi
3027 2314 3085 2366 in
3123 2314 3373 2381 priorem
3446 2312 3594 2365 illius
3630 2311 3863 2377 collegii

2231 2409 2332 2445 seu
2372 2391 2606 2457 paratici
2655 2408 2839 2457 usque
2875 2391 2950 2443 ad
2975 2401 3090 2443 tres
3114 2407 3317 2454 annos,
3354 2407 3390 2443 a
3422 2398 3693 2456 tempore
3728 2387 3865 2442 dicti

2231 2470 2497 2523 introitus
2532 2468 2975 2533 computandos,
3031 2467 3131 2533 qui
3172 2467 3393 2535 priores
3427 2466 3603 2520 etiam
3644 2466 3867 2519 debent

2232 2563 2358 2599 esse
2393 2546 2469 2598 de
2504 2545 2723 2611 populo
2776 2553 3022 2600 tantum.
3080 2546 3153 2598 Et
3198 2544 3358 2611 quod
3395 2543 3443 2597 si
3478 2542 3689 2609 aliquis
3728 2542 3863 2595 reci-

2233 2631 2464 2690 peretur
2500 2622 2557 2675 in
2593 2622 2788 2689 aliquo
2825 2620 3071 2688 collegio
3114 2638 3219 2675 seu
3274 2620 3529 2687 paratico
3569 2620 3648 2673 de
3686 2634 3863 2681 nov0,

2234 2710 2293 2753 et
2326 2716 2519 2753 coram
2562 2698 2857 2765 praedicto
2903 2698 3143 2751 domino
3187 2704 3497 2751 executore
3548 2705 3608 2750 et
3663 2712 3869 2749 consu-

2235 2776 2385 2830 libus
2410 2775 2833 2842 praedictorum
2872 2775 3249 2841 collegiorum
3276 2782 3334 2827 et
3359 2773 3753 2840 paraticorum
3779 2788 3869 2825 ac-

2236 2861 2532 2907 cusaretur
2566 2852 2796 2918 publice
2823 2851 2909 2906 vel
2938 2852 3200 2919 privatim
3228 2850 3387 2919 quod
3411 2858 3567 2904 esset
3593 2859 3865 2915 receptus

2240 2930 2295 2983 in
2334 2929 2595 2983 fraudem
2632 2928 3057 2995 praedictorum
3096 2937 3152 2982 et
3189 2927 3568 2993 collegiorum
3602 2935 3665 2980 et
3701 2942 3863 2993 para-

2238 3007 2501 3069 ticorum,
2529 3006 2689 3074 quod
2726 3006 2911 3059 dictus
2940 3004 3213 3059 dominus
3242 3013 3518 3058 executor
3542 3020 3680 3057 cum
3705 3020 3875 3070 prae-

2238 3083 2406 3139 dictis
2439 3082 2774 3137 consulibus
2818 3092 2875 3135 et
2926 3082 3213 3149 prioribus
3250 3082 3507 3135 debeant
3539 3080 3871 3134 examinare

2238 3160 2595 3227 praedictum
2629 3159 2709 3212 sic
2763 3168 3059 3225 receptum
3114 3158 3187 3211 de
3242 3173 3417 3219 n0v0,
3463 3166 3523 3211 et
3556 3156 3877 3223 approbari

2242 3254 2344 3303 per
2379 3236 2554 3303 ipSOS,
2601 3236 2751 3291 sacto
2800 3236 3011 3303 partito
3065 3234 3212 3288 inter
3264 3252 3367 3289 eos
3400 3232 3475 3288 ad
3513 3232 3783 3287 bussolas
3818 3242 3871 3285 et

2242 3314 2524 3377 ballotta5‚
2564 3329 2813 3380 quorum
2869 3313 3020 3367 duae
3069 3320 3259 3377 partes
3294 3311 3410 3365 sint
3446 3310 3503 3363 in
3538 3309 3867 3365 concordia.

2245 3392 2319 3444 Et
2352 3390 2399 3443 si
2436 3390 2558 3456 ipse
2604 3390 2731 3443 talis
2780 3405 2883 3455 per
2926 3406 3026 3443 eos
3079 3388 3249 3442 suerit
3301 3388 3663 3454 reprobatuS‚
3715 3386 3871 3453 quod

2246 3466 2619 3523 incontinenti
2668 3466 2855 3519 dictus
2890 3466 3164 3519 dominus
3199 3473 3473 3518 executor
3510 3462 3870 3530 praedictum

2243 3546 2323 3599 sic
2360 3552 2654 3609 receptum
2691 3543 2903 3597 debeat
2936 3559 3160 3597 cassare
3186 3541 3259 3594 de
3296 3541 3451 3595 dicto
3486 3539 3735 3607 collegio
3770 3554 3869 3593 seu

2243 3621 2517 3688 paratic0,
2556 3628 2615 3673 et
2647 3636 2753 3685 pro
2788 3628 3011 3673 cassato
3046 3619 3347 3677 habeatur,
3385 3626 3447 3670 et
3481 3615 3643 3684 quod
3668 3631 3871 3669 consu·

2247 3699 2330 3752 les
2364 3697 2513 3751 illius
2529 3696 2751 3762 collegii
2778 3712 2880 3749 seu
2907 3694 3159 3763 paratici,
3184 3693 3283 3761 qui
3310 3692 3469 3747 illurn
3498 3692 3868 3759 recepissent,

2249 3794 2283 3829 a
2315 3775 2646 3829 consulatus
2681 3772 2871 3826 officio
2926 3771 3178 3825 debeant
3222 3769 3431 3825 cassari
3468 3777 3528 3823 et
3563 3784 3671 3837 pro
3700 3768 3871 3823 cassis

2252 3854 2501 3907 debeant
2535 3850 2753 3905 haberi.

3016 4018 3099 4068 35·

2277 4147 2369 4198 De
2402 4147 2490 4197 his
2523 4146 2622 4213 qui
2652 4160 2765 4196 non
2792 4143 3034 4209 possunt
3050 4139 3191 4207 eligi
3216 4138 3554 4191 executores
3586 4136 3849 4189 iustitiae.

2325 4286 2469 4337 Item
2504 4281 2711 4335 eodem
2750 4278 3053 4332 millesimo
3092 4275 3404 4329 indictione
3438 4281 3499 4327 et
3532 4288 3735 4327 mense
3760 4281 3873 4325 sta-

2256 4369 2441 4415 tutum
2488 4368 2546 4412 et
2590 4357 2917 4411 ordinatum
2952 4363 3059 4416 est,
3098 4352 3259 4421 quod
3296 4349 3504 4417 aliquis
3540 4364 3659 4403 non
3696 4347 3874 4415 possit

2256 4453 2382 4489 esse
2418 4452 2524 4488 nec
2558 4434 2693 4499 eligi
2727 4440 2999 4485 executor
3037 4428 3305 4490 iustitiae,
3361 4426 3470 4480 nisi
3523 4423 3694 4479 suerit
3744 4425 3875 4477 ban-

2256 4514 2508 4575 dezatuS,
2546 4510 2867 4564 confinatus
2920 4523 3021 4560 seu
3074 4506 3410 4559 absentatus
3454 4518 3555 4569 pro
3591 4510 3752 4568 parte
3786 4500 3869 4552 vel

2258 4589 2561 4644 occasione
2594 4587 2770 4654 partis
2806 4584 3234 4651 Capellatorum
3286 4583 3609 4634 Cremonae
3644 4579 3734 4631 vel
3770 4576 3871 4629 nisi

2261 4668 2428 4721 suerit
2462 4665 2629 4729 filius,
2667 4672 2829 4731 pater
2854 4661 2941 4714 vel
2978 4662 3149 4713 frater
3174 4659 3264 4711 vel
3296 4657 3577 4712 ablaticus
3601 4672 3707 4711 seu
3732 4654 3873 4708 filius

2260 4745 2445 4799 fratris
2478 4745 2552 4797 de
2588 4740 2932 4809 patrimonio
2984 4738 3225 4792 alicuius
3276 4735 3700 4803 praedictorum
3743 4732 3873 4785 ban-

2262 4824 2615 4883 dezatorum,
2654 4819 3092 4877 confinatorum,
3131 4821 3553 4868 carceratorum
3590 4820 3649 4866 et
3682 4810 3873 4864 absen-

2265 4909 2533 4954 tatorum.

3029 5040 3114 5103 36.

2270 5182 2361 5232 De
2394 5178 2482 5231 his
2517 5176 2613 5244 qui
2649 5192 2765 5229 esse
2817 5190 2927 5227 non
2970 5176 3211 5241 possunt
3256 5174 3591 5225 executores
3645 5168 3878 5223 iustitiae

2309 5256 2545 5325 priores
2568 5270 2666 5306 nec
2686 5253 2939 5306 consules
2962 5250 3333 5317 collegiorum
3354 5250 3413 5300 et
3422 5246 3833 5315 paraticorum.

2340 5393 2485 5445 Item
2520 5390 2727 5443 eodem
2766 5388 3072 5443 millesimo
3108 5385 3420 5439 indictione
3454 5391 3516 5438 et
3548 5398 3745 5437 mense
3766 5388 3875 5435 sta-

2272 5476 2459 5523 tutum
2497 5476 2555 5521 et
2588 5466 2919 5520 ordinatum
2964 5472 3071 5527 est,
3127 5460 3287 5529 quod
3320 5460 3515 5514 nullus
3547 5458 3731 5527 possit
3760 5472 3874 5511 esse
