4050 6109
657 331 832 382 LITE
877 333 1024 383 CON
1068 321 1397 384 L’ABATE
1441 336 1522 384 DI
1569 334 1623 385 s.
1672 335 1876 386 51510
1923 335 2074 383 PER
2120 329 2581 384 GUASTALLA
2627 336 2673 384 E
2720 336 3081 384 LUZZARA
3474 339 3550 400 79

936 455 1275 464 -———-——-—--

1682 459 1725 466 ,-
1760 459 1773 464 -
1796 459 2004 476 ζ-ῄ-
2022 457 2650 464 ----———---—-.-—-—-
2687 457 2912 473 ——-—-——.—.,..

3526 457 3551 464 --

3103 467 3170 474 -ω

2114 469 2198 474 —u
2243 469 2276 474 --
2313 470 2321 474 .
2357 469 2416 474 --
2445 469 2570 476 -.-..-..
2787 467 2893 474 ------·

194 572 638 650 Bernardum,
707 576 1396 659 archipresbyterum
1442 577 1670 659 plebis
1732 578 1818 641 de
1918 583 2045 656 164.
2094 615 2173 624 --
2226 599 2404 652 1221,
2450 581 2571 642 oct.
2622 599 2720 651 22,
2766 579 2901 652 IX,
2952 576 3292 641 Alutinae.

187 666 594 744 Nonantula,
661 670 950 732 tertium
1011 670 1350 734 arbitrum
1423 672 1580 734 loco
1625 673 1816 735 Petri

187 761 265 821 de
307 761 632 838 SuczidO,
681 774 752 827 et
798 763 1203 846 praefigunt
1256 764 1538 828 arbitris
1583 767 1816 830 termi-

187 873 338 916 num
393 873 468 934 15
515 855 792 921 dierum
838 871 916 922 ut
961 877 1102 921 una
1145 859 1586 924 conveniant.

183 1061 295 1122 ¹57·
339 1079 424 1088 —
481 1064 664 1118 1221,
712 1041 803 1106 id.
851 1043 941 1108 id.

257 1179 537 1243 Iudices
590 1182 1040 1263 praecipiunt
1098 1183 1338 1246 abbati
1397 1183 1467 1246 S.
1514 1184 1698 1246 sixti
1745 1191 1814 1247 et
1912 1190 2037 1265 165.
2085 1221 2159 1231 -—-
2222 1204 2400 1258 1221,
2484 1182 2573 1248 id.

181 1272 226 1334 I.
267 1275 645 1338 Scarcosio
693 1287 770 1338 ut
815 1277 1130 1340 secunda
1173 1277 1288 1340 die
1341 1289 1502 1359 post
1558 1277 1811 1341 festum

181 1367 484 1430 omnium
516 1369 939 1434 Sanctorum
971 1391 1046 1433 se
1071 1383 1598 1451 repraesentent
1621 1374 1811 1454 apud

179 1462 540 1526 Mutinam.

173 1655 287 1730 158.
330 1688 416 1696 —
476 1671 660 1724 1221,
707 1651 798 1716 id.
847 1651 938 1716 id.
985 1652 1079 1728 A,
1137 1658 1255 1717 180
1300 1674 1336 1716 c
1378 1658 1520 1718 aut.

247 1785 530 1848 Iudices
595 1786 1043 1868 praecipiunt
1103 1786 1375 1850 sindico
1443 1799 1512 1850 et
1569 1788 1808 1851 abbati

175 1892 242 1941 ut
285 1901 516 1962 usque
541 1881 633 1943 ad
666 1891 990 1943 octavam
1026 1881 1210 1944 diem
1247 1881 1644 1963 proximam
1692 1883 1808 1944 de-

171 1975 371 2035 beant
416 1975 686 2036 habere
719 1975 1024 2037 arbitros
1055 1974 1126 2038 in
1174 1975 1457 2039 civitate
1487 1976 1705 2058 Regii
1739 1987 1810 2038 et

173 2067 404 2129 dicunt
451 2069 652 2149 quod
710 2069 801 2130 ad
858 2069 1090 2150 ipsum
1149 2069 1526 2132 terminum
1585 2070 1806 2134 archi-

171 2163 544 2244 presbyter
587 2162 1031 2226 Nonantulae
1069 2161 1200 2226 erit
1231 2163 1302 2226 in
1348 2165 1594 2227 eodem
1629 2165 1807 2227 1000.

173 2373 290 2434 159.
327 2393 410 2402 —
471 2375 656 2431 1221,
683 2361 803 2420 oct.
839 2377 933 2436 17,
961 2358 1050 2428 X,
1078 2355 1304 2442 Regii.
1337 2357 1429 2430 Α,
1462 2379 1572 2421 221
1605 2379 1641 2422 e
1664 2361 1804 2422 ant.

2003 714 2253 777 Abbas
2300 713 2369 778 S.
2417 714 2605 778 Sixti
2638 715 2999 779 denuntiat
3030 714 3313 778 arbitris
3357 716 3549 796 quod

1915 818 2201 890 paratus
2252 818 2401 871 erat
2468 809 2711 872 audire
2776 808 3191 872 sententiam
3258 820 3329 870 et
3370 807 3549 889 petit

1915 913 1993 966 ut
2014 902 2281 984 eligant
2311 902 2591 965 tertium
2618 902 3134 966 consiliatorem
3160 903 3546 966 secundum

1915 996 2109 1079 quod
2151 994 2287 1078 ipsi
2333 996 2688 1060 dixerunt.

2662 1183 2751 1248 id.

1995 1321 2596 1405 Archipresbyter
2624 1321 3067 1385 Nonantulae
3104 1331 3174 1386 et
3204 1321 3545 1386 Albertus

1913 1417 1998 1480 de
2066 1416 2444 1480 Buvalotto
2512 1415 2751 1478 dicunt
2812 1425 2879 1478 et
2945 1426 3424 1496 protestantur
3468 1437 3543 1480 se

1913 1511 2095 1572 velle
2138 1509 2319 1572 ferre
2363 1509 2778 1574 sententiam
2809 1509 3405 1573 interlocutoriam
3437 1530 3539 1574 se-

1911 1605 2215 1668 cundum
2283 1605 2474 1686 quod
2539 1603 2641 1666 eis
2708 1603 3064 1667 videbitur
3124 1603 3210 1666 de
3276 1604 3427 1666 iure
3472 1614 3543 1668 et

1909 1700 2299 1761 habuerant
2328 1698 2694 1761 consilium
2725 1719 2767 1760 a
2792 1697 3237 1774 Placentino;
3276 1707 3347 1761 et
3376 1696 3541 1782 Ugo

1911 1803 2127 1874 negat
2170 1792 2270 1856 ita
2310 1790 2492 1856 ferre
2538 1791 2977 1856 sententiam.

1909 1985 2036 2045 166.
2082 2017 2164 2026 —
2218 1998 2398 2052 1221,
2486 1977 2577 2042 id.
2666 1977 2757 2041 id.

1994 2115 2594 2199 Archipresbyter
2625 2113 2711 2178 de
2741 2113 3142 2177 Nonantula
3179 2111 3543 2176 constituit

1907 2210 2241 2273 nuncium
2274 2209 2393 2291 qui
2423 2207 2809 2291 praecipiat
2842 2205 3111 2270 sindico
3155 2205 3539 2270 Cremonae

1907 2315 1984 2367 ut
2029 2305 2147 2367 det
2192 2303 2325 2366 sibi
2370 2301 2675 2384 pignora
2720 2321 2843 2364 seu
2877 2299 3204 2364 denarios
3248 2321 3377 2382 pro
3417 2320 3537 2362 ex—

1906 2397 2145 2480 pensis
2191 2395 2393 2460 factis
2458 2415 2543 2458 eo
2590 2395 2781 2477 quod
2848 2403 3137 2457 steterat
3202 2393 3537 2468 Mutinae,

245 2491 582 2556 Sindicus
627 2503 838 2576 rogat
868 2494 1211 2557 instanter
1239 2493 1538 2558 arbitros
1583 2504 1659 2558 ut
1692 2497 1803 2558 de·
1850 2540 1856 2574 ,
1907 2492 1965 2554 51
2012 2492 2295 2553 volebat
2339 2499 2416 2553 ut
2456 2509 2584 2570 per
2627 2507 2703 2552 se
2746 2487 3043 2553 ferretur
3087 2487 3431 2552 sententia
3462 2498 3538 2551 ut

171 2587 374 2648 beant
423 2587 716 2650 insimul
771 2587 1122 2651 consiliari
1178 2600 1249 2651 et
1303 2587 1484 2652 ferre
1537 2600 1806 2652 senten·

165 2681 322 2742 tiam
369 2683 770 2744 secundum
818 2682 1006 2764 quod
1051 2683 1431 2764 allegatum
1478 2696 1627 2746 erat
1672 2687 1802 2747 sub

165 2774 328 2854 ipsis
343 2797 358 2850 ;
387 2787 462 2837 et
487 2775 758 2849 arbitri,
783 2786 1029 2839 contra
1047 2777 1478 2840 voluntatem
1502 2778 1799 2860 UgoniS,

167 2869 613 2952 praecipiunt
671 2869 944 2933 sindico
1001 2883 1078 2934 ut
1120 2871 1194 2933 in
1239 2870 1352 2934 die
1399 2872 1639 2936 martis
1685 2875 1799 2938 de-

165 2964 314 3028 beat
361 2983 529 3027 esse
577 2976 740 3027 ante
787 2965 982 3047 ipsos
1027 2967 1116 3028 ad
1158 2965 1544 3034 Erberiam.

157 3155 273 3213 160.
327 3187 412 3196 —
469 3171 654 3226 1221,
704 3155 825 3215 oct.
886 3172 986 3227 20,
1051 3153 1140 3225 X,
1199 3151 1272 3216 in
1328 3157 1550 3218 castro
1593 3156 1795 3221 Erbe-

239 3243 403 3308 riae.
453 3245 554 3320 A,
606 3265 753 3310 222.

235 3379 520 3444 Arbitri
568 3390 886 3444 statuunt
929 3383 1188 3446 habere
1243 3385 1611 3448 consilium
1657 3407 1795 3449 non

161 3487 602 3555 suspectum;
649 3477 794 3548 sed,
841 3496 982 3539 non
1013 3479 1494 3542 consentiente
1539 3479 1796 3562 Ugone

163 3569 240 3629 de
284 3569 587 3642 Comite‚
633 3569 1077 3652 praecipiunt
1121 3572 1391 3635 sindico
1436 3582 1512 3636 ut
1567 3575 1638 3637 in
1686 3574 1797 3636 die

161 3661 330 3723 iovis
361 3664 703 3744 proximo
736 3663 828 3726 sit
871 3676 1032 3728 ante
1076 3685 1197 3729 eos
1229 3667 1542 3730 Mutinae
1586 3668 1657 3730 in
1689 3689 1795 3732 ec-

163 3755 364 3819 clesia
409 3758 486 3819 S.
535 3757 1036 3840 Margheritae.

159 3947 262 4008 161.
305 3981 390 3990 -
449 3963 636 4020 1221,
684 3949 804 4008 oct.
855 3967 955 4020 21,
1004 3949 1093 4021 Χ,
1141 3948 1481 4013 λίτιίίηαε.
1529 3951 1623 4025 Α,
1673 3957 1793 4016 218

235 4057 268 4100 e
309 4043 458 4102 aut.

231 4172 656 4237 Ostenditur
699 4175 892 4238 bulla
935 4177 1235 4243 Honorii
1277 4181 1380 4244 III
1433 4183 1522 4246 ad
1568 4183 1790 4246 archi-

161 4268 623 4345 presbiterum
671 4278 742 4332 et
785 4271 869 4333 N.
928 4275 1339 4338 canonicum
1387 4278 1794 4360 reginenses

161 4379 274 4439 pro
317 4383 541 4425 causa
587 4362 772 4426 inter
815 4365 1376 4450 Pandecampum
1410 4386 1480 4434 et
1509 4373 1791 4437 Guiliel·

161 4473 332 4518 mum
355 4456 766 4533 Girardum‚
793 4478 1004 4541 quam
1028 4462 1290 4536 arbitri,
1318 4483 1410 4525 ex
1436 4465 1789 4532 voluntate

159 4545 201 4610 1.
231 4549 609 4626 Scarcosii,
644 4551 768 4633 qui
797 4552 970 4616 dicit
993 4553 1238 4617 falsam
1264 4577 1436 4631 esse,
1472 4559 1787 4626 retinent.

155 4761 262 4820 162.
309 4793 388 4803 —
453 4776 638 4831 1221,
684 4761 826 4830 oct„
875 4757 1254 4824 Alutinae?
1314 4765 1536 4846 (senza
1582 4763 1782 4844 data).

231 4893 416 4957 Nota
479 4891 1104 4959 instrumentorum
1173 4919 1350 4979 quae
1412 4901 1786 4964 exhibetur

160 4986 236 5046 ab
277 4989 546 5052 abbate
592 4988 662 5050 S.
711 4987 898 5051 Sixti
944 5008 1178 5054 coram
1224 4993 1528 5057 arbitris.

157 5179 262 5252 163.
311 5213 386 5222 -—
451 5197 472 5238 1
491 5197 636 5250 221,
683 5175 858 5240 och?
901 5177 1140 5258 (Senza
1187 5177 1390 5261 data).

227 5312 408 5377 Nota
477 5313 1121 5389 instrumentorum,
1190 5316 1592 5392 litterarum,
1647 5329 1776 5382 ete.

159 5423 318 5485 quae
369 5407 758 5470 exhibetur
817 5427 858 5468 a
905 5407 1172 5470 sindico
1224 5409 1604 5473 Cremonae
1665 5431 1776 5474 co—

159 5517 288 5563 ram
332 5500 644 5565 arbitriS.

1907 2587 1993 2648 de
2041 2585 2189 2647 iure
2234 2584 2514 2666 poterit.

2652 2771 2741 2835 id.

1983 2912 2311 2976 Sindicus
2368 2921 2645 2976 recusat
2689 2911 2853 2974 dare
2898 2909 3202 2994 pignora
3244 2929 3365 2973 seu
3414 2909 3527 2972 de-

1898 3027 2153 3070 nanos.

1899 2781 2025 2856 167.
2072 2811 2151 2821 --
2208 2793 2387 2848 1221,
2472 2770 2562 2836 id.

1896 3199 2020 3258 168.
2069 3229 2151 3242 -
2205 3213 2383 3268 1221,
2432 3191 2521 3256 id.
2567 3191 2657 3257 id.
2702 3191 2797 3264 A,
2854 3213 2969 3272 174
3016 3212 3051 3254 e
3095 3197 3235 3255 aut.

1979 3330 2147 3414 Ugo
2221 3330 2308 3393 de
2374 3327 2761 3394 Comitibus
2835 3338 3263 3410 protestatur
3334 3329 3527 3410 quod

1896 3434 2181 3507 paratus
2227 3433 2372 3487 erat
2436 3423 2887 3504 pronuntiare
2950 3421 3392 3490 sententiam.
3424 3443 3526 3484 50-

1896 3520 2201 3582 cundum
2248 3519 2437 3600 quod
2468 3518 2804 3581 dederant
2840 3516 3209 3580 consilium
3248 3516 3319 3578 in
3364 3536 3526 3580 con-

1895 3613 2137 3677 cordio
2182 3615 2323 3676 duo
2360 3611 2715 3694 sapientes
2746 3611 3095 3685 NicolauS,
3141 3610 3526 3692 archipres-

1894 3706 2078 3769 biter
2122 3708 2209 3769 de
2253 3707 2499 3770 Castro
2524 3706 2925 3790 Arquadr0,
2964 3717 3034 3768 et
3075 3703 3526 3768 Placentinus

1895 3799 2262 3876 Bibianus;
2332 3802 2457 3864 sed
2523 3801 2641 3864 alii
2708 3799 3040 3863 coarbitri
3084 3807 3409 3864 recusant
3452 3806 3524 3861 et

1895 3896 2251 3958 recedunt.

1893 4090 2018 4163 169.
2066 4121 2149 4130 --
2202 4103 2381 4157 1221,
2428 4103 2579 4147 nov.
2617 4103 2673 4162 3,
2704 4082 2829 4147 IX
2858 4081 3198 4146 ilsutz‘nae.
3238 4081 3332 4157 A,
3375 4102 3519 4162 224,

1978 4199 2012 4242 σ
2055 4182 2197 4243 aut.

1975 4317 2029 4380 Ι.
2053 4315 2459 4380 Scarcosius
2484 4324 2961 4398 repraesentat
2984 4335 3061 4377 se
3086 4333 3322 4378 coram
3344 4313 3520 4377 Pan-

1893 4411 2230 4492 decampo
2288 4421 2359 4475 et
2403 4430 2697 4474 monaco
2764 4409 3088 4474 Guidone
3155 4407 3395 4472 dicens
3442 4428 3517 4471 se

1887 4515 2208 4590 paratum
2254 4525 2407 4568 esse
2450 4525 2581 4586 pro
2627 4503 2811 4567 facto
2857 4503 3119 4583 placiti,

1885 4729 2008 4788 170.
2058 4747 2141 4756 —-
2194 4729 2371 4782 1221,
2418 4729 2569 4772 nov.
2618 4728 2675 4789 5,
2722 4709 2857 4783 IX,
2904 4708 3245 4773 Alutinae.

1969 4847 2297 4910 Sindicus
2340 4847 2519 4929 petit
2561 4868 2602 4910 a
2644 4847 2996 4910 iudicibus
3042 4849 3233 4930 quod
3262 4848 3516 4910 habea-

1880 4951 1998 5005 tur
2070 4941 2605 5004 determinatum
2684 4941 3049 5022 negotium
3130 4941 3514 5005 secundum

1878 5035 2513 5117 pronuntiaverant
2555 5034 2911 5116 sapientes
2958 5035 3074 5098 vel
3103 5036 3385 5098 veniant
3409 5055 3514 5098 ar-

1879 5128 2043 5191 bitri
2090 5139 2159 5191 et
2202 5128 2618 5192 sententiam
2651 5127 2877 5191 ferant
2913 5128 3297 5193 secundum
3328 5128 3513 5192 idem

1880 5223 2265 5295 consilium,
2292 5223 2407 5284 vel
2430 5222 2595 5284 novi
2625 5221 2980 5304 eligantur
3002 5245 3016 5296 ;
3046 5223 3224 5304 petit
3247 5232 3515 5304 praete—

1877 5335 1998 5379 rea
2040 5337 2129 5380 ne
2160 5318 2429 5380 iudices
2463 5317 2850 5398 procedant
2893 5316 2983 5378 ad
3025 5317 3329 5398 aliquam
3360 5337 3513 5380 sen·

1875 5410 2165 5473 tentiam
2238 5409 2832 5476 interlocutoriam
2868 5432 2882 5484 ;
2950 5410 3513 5492 archipresbyter

1877 5515 1946 5567 et
1986 5503 2181 5585 prior
2210 5517 2535 5570 recusant
2556 5504 2953 5586 intelligere
2998 5503 3305 5568 rationes
3342 5505 3513 5567 01115.
