4050 6109
657 288 832 341 LITE
876 291 1024 341 CON
1067 277 1396 341 L'ABATE
1440 290 1520 339 DI
1565 289 1621 339 S.
1669 288 1875 339 SISTO
1919 289 2073 339 PER
2114 290 2572 341 GUASTALLA
2616 291 2665 342 E
2710 293 3070 343 LUZZARA
3454 284 3530 359 67

193 410 325 417 0-———
654 413 1155 419 —ffl———ss

196 422 791 429 —-———·——————-———.--.-—
817 424 941 430 —-.—
964 425 1043 429 -—-
1062 425 1103 429 —
1124 425 1135 429 -
1158 424 1298 429 d..—

187 552 270 610 27·
319 568 400 577 --
459 554 640 612 1204,
689 532 822 596 dec.
872 539 929 608 8,
977 532 1038 596 d.
1071 534 1331 597 Romae
1373 533 1564 617 apud
1601 534 1814 597 Spe-

263 630 477 690 trum.
520 626 618 701 A,
655 632 799 707 346.
847 626 1036 701 Affe),
1085 628 1264 691 Stor.
1312 626 1388 689 dz‘
1434 626 1813 700 Guastalla‚

258 720 315 793 I,
364 725 514 799 358,
565 742 676 785 ma
721 742 842 785 con
890 722 1047 784 dala.
1094 728 1130 784 ὁ
1177 721 1517 784 dicembm.

257 858 718 922 Innocentius
775 859 876 922 111
934 862 1217 924 mandat
1274 860 1606 941 episcopo
1663 879 1814 942 par-

179 950 394 1013 mensi
443 954 784 1033 quatinus
829 953 1186 1016 civitatem
1217 952 1614 1027 Cremonae,
1655 973 1814 1015 con-

179 1044 359 1107 sules
408 1056 484 1107 et
530 1047 969 1108 consiliarios
1027 1048 1114 1110 ab
1159 1047 1528 1109 interdicto
1583 1058 1652 1109 et
1697 1067 1814 1108 ex-

177 1140 820 1203 communicatione
887 1142 1226 1212 absolvat,
1286 1141 1617 1204 iuratoria
1660 1161 1814 1203 cau-

174 1233 360 1293 tione
407 1245 703 1313 recepta
762 1236 954 1315 quod
1019 1235 1164 1297 suis
1216 1233 1593 1296 oboediant
1637 1254 1818 1295 man-

176 1326 384 1396 datis,
453 1342 528 1389 et
587 1326 764 1408 ipsis
820 1326 1142 1410 iniungat
1204 1340 1278 1389 ut
1324 1328 1815 1389 inviolabiliter

173 1431 462 1481 servent
486 1420 1072 1501 compositionem
1097 1420 1349 1483 factam
1380 1441 1536 1482 cum
1561 1421 1815 1482 abbate

174 1512 238 1573 S.
284 1512 502 1585 Sixti,
551 1514 756 1576 cuius
803 1526 1116 1576 tenorem
1161 1512 1390 1576 refert.

173 1731 260 1787 28.
309 1763 394 1770 —
457 1746 640 1805 1204,
679 1726 812 1788 dec.
851 1748 948 1799 22,
1001 1725 1190 1797 I'III,
1239 1724 1310 1787 in
1345 1724 1608 1808 palatio
1664 1726 1812 1788 Cre·—

253 1838 524 1881 monae.
571 1819 667 1893 A,
719 1840 862 1898 243,
913 1840 1034 1898 324
1082 1839 1117 1881 e
1159 1824 1302 1881 aut.

249 1955 608 2019 Consules
649 1968 719 2020 et
750 1956 1070 2018 homines
1117 1957 1387 2019 consilii
1434 1967 1502 2019 et
1534 1956 1814 2018 creden-

173 2050 304 2111 tiae
351 2048 751 2112 Cremonae
797 2050 1030 2113 iurant
1091 2050 1422 2111 oboedire
1473 2050 1815 2113 mandatis

171 2143 569 2206 Innocentii
602 2143 704 2206 III
746 2143 832 2205 de
863 2143 1585 2205 excommunicatione
1630 2154 1698 2206 et
1731 2145 1815 2205 de

172 2236 696 2317 compositione
744 2236 915 2298 inita
963 2236 1142 2298 inter
1181 2235 1509 2297 nuncium
1541 2234 1814 2299 Cremo-

173 2349 298 2391 nae
346 2340 422 2391 et
471 2332 802 2392 abbatem
850 2331 920 2391 S.
955 2330 1139 2392 sixti
1186 2349 1419 2391 coram
1465 2328 1814 2410 pontifice.

231 2534 272 2594 ΐ-
312 2532 500 2585 Anno
525 2532 818 2585 dominice
845 2533 1249 2586 incarnationis
1277 2532 1579 2585 millesimo
1605 2532 1817 2585 ducen-

169 2610 375 2662 tesimo
391 2620 633 2676 quarte,
647 2609 962 2662 indictione
979 2619 1202 2669 octava,
1215 2610 1442 2661 decimo
1461 2610 1556 2661 die
1570 2618 1816 2662 exeunte

170 2702 370 2739 mense
409 2687 738 2751 decembri,
766 2688 823 2741 in
861 2688 1073 2754 palatio
1109 2687 1417 2746 Cremone,
1444 2687 1502 2739 in
1526 2685 1818 2739 credentia

169 2763 402 2827 publica
441 2764 520 2816 ad
558 2780 771 2817 sonum
812 2779 1094 2829 campane
1125 2770 1492 2829 congregata,
1531 2761 1816 2830 presentia

171 2838 395 2892 domini
437 2839 489 2891 F
491 2840 738 2894 rederici
773 2840 1168 2894 cremonensis
1203 2838 1586 2893 archidiaconi
1625 2848 1682 2891 et
1717 2838 1818 2890 do-

169 2915 304 2967 mini
333 2917 497 2969 Petri
527 2916 761 2970 maioris
787 2916 1028 2970 ecclesie
1054 2917 1340 2969 Cremone
1365 2914 1816 2981 archipresbiteri

167 3002 219 3045 et
255 2991 648 3047 dominorum
686 2993 938 3047 Conradi
975 3000 1034 3047 et
1057 2993 1397 3046 Homoboni
1433 2991 1694 3045 eiusdem
1729 3008 1818 3044 ec-

165 3070 336 3121 cloeie
374 3070 804 3125 canonicorum
839 3080 900 3124 et
933 3064 1154 3123 domini
1191 3070 1415 3123 abbatis
1457 3070 1634 3122 sancti
1673 3070 1819 3123 Lau—

168 3147 341 3199 rencii
381 3156 450 3200 et
489 3147 770 3200 Iohannis
816 3147 889 3200 de
927 3146 1232 3200 Bernardis
1267 3154 1327 3200 et
1363 3146 1576 3199 Mathei
1612 3144 1816 3198 notarii

166 3232 220 3275 et
258 3224 310 3275 N
317 3224 480 3277 icole
517 3223 726 3277 notarii
752 3232 812 3278 et
838 3224 1058 3277 Nicolai
1086 3222 1311 3277 notarii.
1343 3222 1578 3275 Domini
1604 3222 1817 3275 Omne-

163 3299 352 3353 bonus
375 3300 466 3353 de
485 3301 786 3355 Ursolario
811 3308 870 3355 et
895 3301 1184 3353 Iohannes
1207 3300 1282 3353 de
1301 3300 1544 3353 Summo
1568 3308 1628 3352 et
1644 3299 1816 3353 Wido

167 3375 508 3431 Dodhonus
550 3385 611 3429 et
645 3376 970 3429 wilielmus
1007 3376 1324 3429 Mastallius
1360 3385 1416 3428 et
1455 3376 1817 3429 Mariscottus

164 3451 232 3505 de
272 3455 502 3519 Burg0,
533 3454 805 3507 consules
840 3452 1105 3506 comunis
1136 3453 1423 3505 Cremone
1459 3460 1517 3505 et
1552 3452 1816 3505 homines

163 3528 310 3583 illius
338 3530 614 3583 conscilii
640 3538 698 3583 et
723 3528 1037 3591 credentie‚
1059 3528 1326 3582 videlicet
1350 3528 1620 3582 dominus
1644 3528 1817 3581 Olde-

163 3606 358 3659 fredus
401 3606 730 3672 Ardengus
765 3614 824 3660 et
857 3606 1130 3659 dominus
1159 3607 1422 3671 Paganus
1444 3606 1518 3659 de
1545 3607 1735 3671 Burgo
1759 3614 1817 3659 et

167 3682 452 3735 dominus
491 3682 682 3737 Pistor
718 3682 1065 3737 Guazzonus
1114 3691 1172 3736 et
1207 3682 1480 3737 dominus
1514 3683 1815 3735 Conradus

167 3759 496 3814 Guazonus
521 3768 580 3813 et
605 3758 878 3812 dominus
904 3759 1156 3812 Obertus
1179 3758 1254 3811 de
1281 3759 1442 3812 Pizzo
1465 3768 1522 3811 et
1547 3758 1816 3812 dominus

165 3836 380 3889 Comes
427 3835 505 3888 de
544 3836 871 3889 Comitibus
907 3844 964 3889 et
999 3836 1272 3889 dominus
1308 3834 1482 3888 Oddo
1517 3834 1591 3887 de
1618 3836 1815 3887 Medo-

165 3912 296 3965 lado
331 3922 400 3967 et
439 3912 720 3965 dominus
756 3914 913 3965 Azzo
941 3913 1205 3967 Ursonus
1240 3920 1298 3965 et
1333 3911 1604 3964 dominus
1629 3912 1816 3965 Gaxa-

165 4006 268 4055 pus
292 3990 372 4043 de
407 3990 668 4043 Vairano
687 3998 745 4042 et
763 3988 1035 4041 dominus
1065 3988 1371 4055 Dogninus
1391 3989 1465 4041 de
1487 3988 1739 4041 Giroldis
1757 3998 1814 4042 et

167 4067 449 4119 dominus
481 4065 766 4119 Ribaldus
803 4066 990 4131 Caput
1027 4065 1146 4131 lupi
1182 4072 1240 4118 et
1274 4064 1545 4117 dominus
1582 4066 1816 4117 Bernar-

169 4142 272 4197 dus
291 4142 372 4197 de
399 4142 672 4196 Riboldis
691 4141 966 4195 dominus
989 4142 1300 4195 Lafrancus
1323 4141 1538 4208 Biaqua
1556 4150 1612 4195 et
1633 4142 1814 4194 domi-

169 4237 273 4274 nus
298 4218 668 4273 Oldesredus
707 4219 1042 4272 Advocatus
1080 4227 1137 4272 et
1170 4218 1442 4271 dominus
1482 4218 1814 4271 Leonardus

169 4298 239 4349 de
265 4298 436 4350 Babo
474 4304 538 4350 et
575 4296 850 4349 dominus
886 4295 1196 4362 Oprandus
1227 4295 1298 4348 de
1337 4294 1590 4348 Giroldis
1625 4305 1681 4347 et
1704 4295 1816 4348 do-

171 4375 360 4427 minus
395 4374 538 4438 Ugo
563 4372 640 4425 de
667 4372 912 4425 Summo
936 4382 994 4425 et
1030 4372 1301 4424 dominus
1329 4372 1716 4425 Homobonus
1740 4372 1814 4424 de

173 4452 420 4504 Bozarro
447 4458 510 4502 et
534 4448 810 4501 dominus
835 4450 1155 4503 Wilielmus
1187 4446 1261 4500 de
1293 4448 1735 4501 Multisdenariis
1757 4458 1814 4501 et

169 4525 446 4581 dominus
489 4524 840 4579 Guiciardus
881 4525 955 4577 de
990 4526 1203 4579 Sancto
1241 4526 1408 4578 Petro
1453 4533 1510 4578 et
1545 4524 1816 4578 dominus

171 4604 509 4657 Gaiferinus
535 4600 610 4655 de
639 4600 935 4655 iudicibus
960 4609 1019 4654 et
1043 4600 1314 4654 dominus
1345 4601 1644 4654 Rainerius
1661 4602 1736 4654 de
1762 4603 1815 4654 la

175 4682 360 4734 Rocca
400 4688 468 4733 et
505 4679 782 4732 dominus
833 4678 1122 4731 Iohannes
1159 4680 1404 4731 Amatus
1441 4686 1499 4731 et
1544 4678 1815 4731 dominus

171 4758 472 4811 Guidotus
497 4756 578 4809 de
604 4757 710 4808 Ixo
745 4764 804 4809 et
827 4756 1100 4809 dominus
1128 4754 1350 4809 Illarius
1377 4755 1816 4808 Hermenzonus

172 4842 225 4887 et
255 4834 548 4887 dominus
588 4832 828 4886 Pontius
859 4833 1108 4886 Amatus
1142 4839 1200 4885 et
1233 4830 1506 4885 dominus
1543 4831 1719 4897 Niger
1741 4832 1816 4885 de

175 4912 476 4965 iudicibus
515 4918 576 4963 et
612 4908 887 4962 dominus
931 4907 1268 4962 Leonardus
1318 4907 1391 4960 de
1427 4908 1724 4975 Capellino
1759 4918 1816 4961 et

172 4987 442 5041 dominus
467 4984 682 5039 Melius
700 4984 774 5038 de
797 4984 1167 5051 Madegnano
1182 4994 1239 5038 et
1251 4984 1523 5038 dominus
1539 4984 1817 5038 Gir-ardus

175 5064 452 5117 Malanox
475 5070 538 5115 et
555 5061 830 5115 dominus
849 5062 1152 5129 Gaynarus
1171 5060 1246 5114 de
1264 5061 1452 5127 Burgo
1470 5068 1528 5114 et
1547 5061 1817 5115 dominus

175 5142 452 5195 Albertus
490 5139 570 5192 de
605 5138 944 5192 Medolatho
979 5147 1038 5191 et
1073 5138 1342 5191 dominus
1369 5138 1818 5205 Lodeharengus

175 5218 462 5271 Ottonum
500 5224 563 5270 et
589 5214 866 5268 dominus
891 5214 1235 5268 Guilielmus
1264 5214 1337 5268 de
1365 5215 1612 5269 Dovaria
1635 5224 1693 5269 et
1717 5216 1817 5269 do-

177 5295 364 5348 minus
388 5293 664 5347 Morinus
687 5292 763 5345 de
789 5291 1126 5346 Medolatho
1151 5299 1210 5345 et
1234 5290 1504 5345 dominus
1531 5292 1816 5347 Iohannes

175 5372 244 5426 de
275 5371 478 5427 soetia
514 5378 576 5424 et
609 5370 886 5424 dominus
909 5368 1256 5423 Guilielmus
1283 5369 1600 5423 Salvaticus
1624 5378 1682 5424 et
1714 5369 1817 5433 dot

178 5449 362 5503 minus
401 5448 705 5502 Iohannes
743 5446 1068 5499 Dodhonus
1103 5453 1162 5500 et
1186 5444 1458 5500 dominus
1483 5446 1816 5515 Pelegrinus

2238 426 2310 429 .-—
2445 428 2456 430 -
2483 428 2514 431 --
2837 425 2994 432 --—
3047 427 3062 431 -
3105 427 3195 431 ..—
3279 426 3428 431 —-..-—
3494 426 3535 431 —.

1917 538 2226 606 Ardengus
2248 548 2307 594 et
2332 540 2601 595 dominus
2626 542 3013 609 Bellengerius
3040 544 3332 598 Marianus
3356 554 3415 599 et
3437 544 3538 598 do-

1917 617 2106 669 minus
2142 618 2433 671 Gufredus
2468 617 2541 671 de
2570 620 2720 672 Lacu
2760 627 2817 672 et
2852 620 3123 674 dominus
3152 622 3438 675 Henricus
3462 621 3537 675 de

1913 694 1964 745 T
1969 694 2121 746 incto
2146 702 2203 747 et
2226 695 2497 748 dominus
2523 695 2760 761 Egidius
2788 696 2862 749 de
2888 698 3162 751 Curtesiis
3184 708 3243 751 et
3266 699 3537 752 dominus

1916 772 2217 825 Conradus
2242 771 2315 825 de
2336 772 2526 839 Burgo
2550 782 2609 827 et
2620 774 2891 827 dominus
2906 775 3179 828 Albertus
3198 776 3273 829 de
3287 778 3539 843 Reghizo

1915 856 1972 900 et
2007 850 2277 902 dominus
2332 851 2643 903 Ottolerius
2700 852 3101 905 Hermezonus
3157 862 3213 907 et
3266 854 3537 907 dominus

1916 925 2296 979 Omnebonus
2336 928 2643 981 Deviciolis
2676 935 2735 979 et
2768 928 3039 981 dominus
3074 930 3348 984 Albertus
3384 932 3541 984 Gua-

1914 1018 2101 1055 zonus
2128 1012 2186 1055 et
2221 1004 2490 1057 dominus
2528 1005 2859 1057 Mansredus
2897 1006 3140 1059 Rontius
3176 1016 3233 1060 et
3268 1008 3539 1061 dominus

1917 1080 2148 1132 Mussus
2186 1081 2400 1133 Branca
2450 1090 2507 1135 et
2558 1081 2828 1133 dominus
2874 1083 3219 1147 Angelerius
3255 1084 3445 1150 Caput
3479 1094 3537 1138 et

1915 1156 2185 1209 dominus
2220 1158 2484 1210 Andreas
2529 1158 2801 1209 Giroldus
2856 1166 2914 1210 et
2949 1160 3221 1211 dominus
3259 1161 3538 1213 Osbertus

1915 1232 1988 1285 de
2030 1234 2279 1286 Labucia
2313 1244 2369 1287 et
2392 1234 2663 1287 dominus
2690 1236 2823 1300 Ugo
2850 1236 3251 1289 Cornareticus
3277 1245 3335 1289 et
3358 1238 3541 1289 domi-

1915 1325 2022 1361 nus
2052 1310 2262 1363 Dodho
2290 1312 2573 1363 Dodonus
2596 1320 2653 1364 et
2678 1311 2948 1365 dominus
2974 1314 3251 1365 Ostaccus
3298 1313 3373 1367 de
3412 1316 3539 1366 Me-

1912 1385 2110 1438 dolato
2145 1397 2201 1440 et
2236 1388 2508 1441 dominus
2532 1388 2875 1441 Guiciardus
2911 1389 2985 1440 de
3022 1390 3307 1442 Piscarolo
3344 1398 3401 1443 et
3437 1390 3539 1443 do-

1915 1463 2105 1515 minus
2161 1465 2439 1517 Martinus
2482 1464 2556 1517 de
2594 1464 2880 1517 Gaidesco
2924 1473 2981 1517 et
3024 1466 3295 1519 dominus
3338 1468 3539 1519 Petrus

1913 1540 1987 1589 de
2023 1540 2260 1605 Suspiro
2296 1549 2353 1593 et
2388 1540 2657 1593 dominus
2683 1542 3025 1594 Guilielnius
3063 1542 3308 1595 Amatus
3344 1552 3402 1596 et
3438 1544 3540 1595 do-

1917 1615 2105 1667 minus
2132 1616 2448 1671 Inforzatus
2474 1617 2865 1671 Vesdominus
2886 1627 2945 1671 et
2966 1618 3238 1671 dominus
3266 1620 3541 1673 Bellottus

1913 1694 1988 1745 de
2011 1694 2246 1746 Tezano
2271 1703 2329 1747 et
2352 1694 2622 1747 dominus
2646 1694 2885 1758 Egidius
2909 1696 3170 1749 Ursonus
3190 1704 3247 1749 et
3267 1695 3538 1750 dominus

1917 1774 2273 1835 Bergnagata
2308 1770 2383 1823 de
2420 1772 2577 1823 Cove
2602 1779 2660 1823 et
2680 1771 2948 1825 dominus
2974 1772 3113 1825 Otto
3138 1774 3210 1825 de
3240 1774 3540 1826 Bernardis

1915 1858 1971 1901 et
1995 1848 2267 1900 dominus
2287 1848 2488 1899 Guazo
2513 1847 2837 1899 Dodhonus
2862 1856 2918 1901 et
2940 1848 3209 1901 dominus
3238 1850 3541 1915 Dogninus

1915 1926 1990 1975 de
2009 1923 2262 1976 Giroldis
2281 1934 2338 1975 et
2357 1923 2627 1976 dominus
2648 1922 3010 1977 lombardus
3034 1925 3345 1979 Guazonus
3365 1934 3422 1979 et
3442 1926 3541 1977 do—

1917 2002 2107 2055 minus
2120 2000 2399 2054 Girardus
2418 2001 2673 2053 Manaria
2690 2009 2747 2054 et
2762 2000 3033 2055 dominus
3050 2002 3305 2055 Marinus
3330 2003 3403 2055 de
3418 2003 3542 2057 Bel-

1916 2079 2045 2131 lotis
2071 2086 2128 2131 et
2150 2078 2419 2131 dominus
2438 2077 2741 2142 Dogninus
2756 2078 3045 2130 Bursonus
3064 2087 3119 2131 et
3144 2079 3414 2133 dominus
3433 2081 3542 2131 Co—

1918 2173 2040 2209 mes
2065 2154 2138 2207 de
2159 2154 2441 2205 Grimono
2466 2162 2524 2205 et
2548 2154 2817 2207 dominus
2842 2153 3117 2207 Ribaldus
3138 2155 3450 2209 Diviciolus
3484 2164 3542 2208 et

1916 2232 2185 2285 dominus
2210 2231 2523 2283 Guidottus
2548 2230 2620 2283 de
2649 2230 2865 2283 Faxolo
2891 2239 2949 2283 et
2972 2231 3241 2284 dominus
3264 2232 3542 2285 Martinus

1914 2308 1988 2367 de
2002 2308 2225 2360 Lacella
2242 2315 2299 2359 et
2317 2307 2513 2360 domin
2523 2322 2587 2358 us
2598 2306 2720 2358 Con
2728 2306 2899 2359 radus
2912 2308 3191 2373 Coparius
3204 2318 3259 2361 et
3271 2307 3541 2361 dominus

1916 2385 2217 2437 Conradus
2252 2384 2327 2437 de
2363 2385 2605 2435 Summo
2652 2392 2709 2435 et
2758 2384 3030 2437 dominus
3072 2385 3272 2437 Bosius
3320 2384 3395 2437 de
3430 2386 3538 2437 Gi-

1916 2462 2091 2515 roldis
2105 2471 2161 2515 et
2186 2461 2457 2513 dominus
2471 2460 2748 2513 Martinus
2769 2461 3175 2514 Cremosianus
3194 2471 3254 2514 et
3272 2460 3542 2515 dominus

1917 2538 2188 2591 Albertus
2224 2537 2297 2589 de
2334 2537 2555 2591 Belloto
2589 2546 2645 2589 et
2676 2536 2947 2589 dominus
2973 2537 3296 2604 Lodoysius
3323 2539 3539 2604 Biaqua

1917 2624 1972 2666 et
1995 2615 2263 2666 dominus
2290 2613 2463 2665 Oddo
2483 2612 2557 2665 de
2586 2613 2811 2665 Persico
2836 2623 2893 2665 et
2928 2614 3199 2667 dominus
3228 2616 3541 2667 Umbcrtus

1919 2692 2185 2743 Malanox
2222 2700 2279 2743 et
2314 2690 2587 2744 dominus
2621 2690 2913 2756 Ayroldus
2952 2692 3305 2743 Ravanensis
3347 2700 3405 2745 et
3438 2691 3541 2743 do-

1915 2766 2103 2820 minus
2132 2766 2419 2819 Bocardus
2450 2767 2684 2819 Rubeus
2708 2774 2765 2820 et
2788 2766 3059 2819 dominus
3084 2767 3439 2820 Torisendus
3464 2768 3537 2821 de

1917 2844 2169 2897 Giroldis
2192 2853 2249 2896 et
2279 2843 2549 2896 dominus
2576 2842 2875 2895 Albericus
2902 2842 2976 2895 de
3002 2844 3333 2908 Seregnano
3358 2854 3416 2896 et
3440 2843 3540 2895 do-

1919 2921 2107 2974 minus
2164 2919 2407 2973 Iacobus
2465 2920 2687 2973 Schicia
2739 2929 2795 2973 et
2849 2919 3119 2973 dominus
3176 2920 3539 2973 Domasellus

1918 2998 2107 3063 Caput
2140 3006 2197 3051 et
2232 2996 2503 3050 dominus
2530 2996 2750 3049 illarius
2786 2997 2861 3049 de
2888 2996 3147 3049 Riboldis
3183 3006 3240 3049 et
3265 2997 3534 3049 dominus

1918 3072 2253 3129 Guilielmus
2274 3074 2326 3125 T
2328 3073 2637 3125 alamacius
2672 3082 2730 3126 et
2757 3072 3027 3125 dominus
3055 3074 3344 3127 Bocardus
3370 3075 3540 3127 Casa·-

1915 3152 2102 3203 lascus
2138 3160 2196 3203 et
2230 3150 2531 3203 Conradus
2566 3150 2640 3202 de
2679 3149 2998 3203 Zanebonis
3034 3158 3094 3202 et
3127 3150 3397 3204 dominus
3433 3150 3531 3204 Al-

1916 3228 2113 3281 bertus
2162 3228 2547 3289 Sansumnus‚
2587 3233 2943 3279 sacramento
2996 3228 3365 3293 corporaliter
3415 3245 3537 3293 pre—

1915 3305 2069 3365 stito‚
2107 3306 2437 3357 iuraverunt
2468 3320 2572 3369 per
2606 3312 2803 3357 sancta
2830 3302 2938 3355 Dei
2976 3304 3271 3369 evangelia
3307 3314 3457 3357 stare
3481 3312 3539 3358 et

1916 3380 2153 3433 obedire
2171 3380 2441 3433 omnibus
2460 3380 2744 3433 mandatis
2762 3380 2981 3432 domini
3005 3381 3175 3445 Pape,
3200 3382 3535 3434 nominatim

1917 3458 1991 3510 de
2015 3456 2609 3510 excommunicatione
2645 3472 2821 3524 quam
2846 3455 3118 3509 dominus
3146 3458 3297 3523 Papa
3331 3458 3539 3511 fecerat

1915 3535 2004 3587 vel
2044 3533 2165 3586 fieri
2202 3532 2412 3586 fecerat
2448 3550 2551 3610 per
2573 3534 2958 3586 mutinensem
2982 3535 3318 3600 episcopum
3342 3542 3541 3587 contra

1916 3610 2091 3677 ipSOS,
2126 3626 2231 3676 pro
2255 3610 2404 3663 facto
2440 3610 2621 3663 abatis
2640 3609 2819 3663 sancti
2845 3610 2987 3663 Sixti
3014 3626 3188 3675 super
3212 3612 3361 3663 facto
3385 3612 3538 3663 Gua-

1915 3688 2077 3741 stalle
2112 3696 2170 3740 et
2204 3686 2461 3748 Luzarie,
2489 3696 2547 3739 et
2570 3686 2867 3739 attendere
2892 3686 2948 3739 in
2975 3686 3247 3739 omnibus
3267 3697 3325 3740 et
3348 3688 3541 3739 obser-

1915 3780 2048 3817 vare
2066 3762 2551 3828 composicionem
2576 3779 2749 3829 quam
2775 3764 3063 3815 Iohannes
3086 3766 3275 3815 Bonus
3296 3764 3539 3816 nuncius

1914 3840 2195 3895 Cremone
2232 3838 2441 3892 fecerat
2476 3855 2607 3891 cum
2647 3840 2904 3904 predicto
2940 3840 3149 3893 abbate
3186 3840 3365 3893 sancti
3392 3840 3534 3893 Sixti

1913 3917 1969 3970 in
2007 3916 2294 3983 presentia
2346 3915 2565 3968 domini
2613 3916 2795 3981 Pape,
2836 3916 2983 3969 sicut
3026 3918 3427 3969 continebatur
3481 3918 3537 3969 in

1913 3992 2113 4047 litteris
2148 3992 2409 4047 eiusdem
2445 3992 2663 4045 domini
2702 3993 2853 4058 Pape
2890 3992 3074 4057 sigillo
3111 3992 3385 4057 plumbeo
3421 3994 3541 4045 bol-

1914 4068 2060 4132 latis,
2088 4078 2145 4122 et
2168 4070 2227 4121 in
2250 4069 2630 4134 suprascripta
2654 4068 2945 4122 credentia
2968 4086 3002 4121 a
3027 4070 3278 4135 prefacto
3300 4070 3538 4123 domino

1915 4145 2221 4199 Frederico
2256 4145 2657 4197 archidiacono
2693 4145 2919 4210 publice
2955 4146 3131 4199 lectis,
3161 4148 3354 4199 Tenor
3377 4147 3540 4199 cuius

1914 4222 2254 4275 sacramenti
2290 4221 2366 4273 ibi
2404 4221 2509 4275 fuit
2543 4223 2724 4275 lectus
2759 4238 2792 4273 a
2834 4222 3086 4288 prefacto
3131 4222 3369 4275 domino
3409 4224 3540 4276 Fre—

1913 4299 2107 4351 derico
2142 4298 2566 4360 archidiaconO,
2604 4308 2668 4351 ut
2702 4299 3101 4351 continebatur
3146 4299 3201 4351 in
3238 4299 3537 4365 quoddam

1914 4375 2187 4442 pubblico
2224 4374 2605 4429 instrumento
2642 4376 2791 4427 facto
2827 4392 2860 4427 a
2898 4374 3199 4428 Mansredo
3234 4377 3479 4429 notari0.

1982 4478 2021 4541 ἦ·
2062 4478 2186 4542 Ego
2225 4478 2513 4529 Iohannes
2549 4477 2801 4529 notarius
2844 4476 3062 4530 domini
3108 4478 3345 4531 Henrici
3389 4478 3541 4543 regis

1912 4552 2141 4606 interfui
2179 4562 2235 4605 et
2272 4570 2365 4605 me
2401 4553 2729 4619 subscripsi.

1983 4656 2022 4719 ἦ·
2063 4656 2187 4721 Ego
2227 4654 2561 4709 Ambrosius
2597 4654 2671 4712 de
2710 4654 2977 4708 Rainerio
3021 4656 3165 4708 sacri
3201 4654 3401 4722 palacii
3440 4672 3539 4709 no-

1914 4732 2091 4785 tarius
2126 4732 2354 4785 interfui
2390 4741 2448 4784 et
2483 4741 2755 4797 precepto
2794 4732 3126 4798 infrascripti
3160 4732 3379 4786 domini
3408 4736 3539 4787 Fre-

1915 4808 2089 4861 derici
2124 4808 2508 4863 archidiaconi
2544 4809 2689 4863 hanc
2725 4818 2939 4862 cartam
2976 4810 3193 4876 scripsi.

1915 5036 2008 5094 29.
2049 5052 2131 5063 -—
2185 5034 2338 5095 1205
2388 5019 2577 5099 (1204
2610 5015 2777 5099 ina),
2826 5016 2962 5079 ian.
3000 5036 3096 5095 30,
3148 5018 3337 5093 VIII,
3390 5019 3535 5083 Cre-

1999 5130 2255 5173 monae.
2303 5109 2396 5181 A,
2448 5131 2527 5189 99
2574 5130 2609 5173 e
2662 5116 2772 5173 182
2827 5132 2862 5173 e
2904 5114 3046 5173 ant.

1998 5246 2366 5309 Lotharius
2406 5246 2658 5329 Eraga,
2694 5248 3069 5309 canonicus
3115 5248 3395 5311 maioris
3439 5268 3541 5311 ec-

1915 5340 2189 5413 clesiae,
2228 5351 2298 5403 et
2334 5341 2656 5403 consules
2694 5340 3073 5405 Cremonae
3110 5343 3541 5404 constituunt

1914 5454 2117 5497 suum
2183 5434 2470 5497 missum
2536 5426 2952 5517 Frogerium
3018 5435 3383 5498 Botacium
3448 5437 3540 5499 ad
