4050 6109
500 275 540 333 6
1509 282 1778 333 CODICE
1820 282 2339 333 DIFLOMATICO
2383 281 2839 334 CREMONESE

497 552 600 612 43.
641 566 724 579 --
779 548 960 609 1303,
1005 526 1136 591 dec.
1187 546 1242 607 7,
1290 526 1384 599 II,
1437 525 1827 591 Cremonae.
1883 526 1979 600 D,
2028 544 2130 605 50.

584 682 1008 748 111νο51111110
1050 681 1234 745 faeta
1276 700 1403 763 per
1453 680 1742 745 abbates
1787 679 2126 762 gabellae,

500 779 876 843 Cabrinum
922 776 1009 838 de
1053 775 1511 846 Landaresca,
1570 770 1992 836 Coradinum
2040 772 2127 833 de

498 872 683 937 Ciria
725 880 796 933 et
838 870 1192 932 Iacomum
1236 868 1628 937 Tachelam,
1677 869 1766 929 de
1828 887 1905 945 24
1971 884 2125 947 per-

496 966 655 1030 ticis
678 975 904 1028 terrae
939 962 1204 1045 glariae
1241 962 1313 1023 in
1345 960 1588 1043 glariis
1617 960 1812 1033 Padi,
1844 980 1885 1021 a
1909 968 2129 1041 ponte

499 1080 727 1143 supra,
772 1059 846 1121 in
889 1056 1234 1119 Paxinum
1282 1056 1368 1117 de
1398 1052 1823 1136 GosalengO,
1856 1052 2125 1115 Salsam

500 1154 588 1216 de
633 1152 898 1223 2001115,
944 1148 1534 1212 Lanfranchinum
1564 1147 2023 1219 Cavalerium,
2056 1154 2127 1209 et

499 1247 946 1311 Albertinum
991 1244 1080 1307 de
1122 1242 1519 1326 Brugnolis.

500 1471 600 1529 44.
651 1486 735 1496 —
789 1468 969 1527 1303,
1028 1444 1160 1509 dec.
1221 1467 1279 1526 9,
1338 1444 1432 1517 IL
1509 1444 1876 1511 Cremonae
1915 1447 2127 1527 super

584 1543 775 1608 domo
811 1542 962 1626 gab.
1007 1543 1102 1615 D,
1152 1544 1255 1619 48.

584 1695 981 1762 Sandonius
1041 1695 1128 1757 de
1171 1692 1424 1755 Lalora
1485 1689 1856 1754 confitetur
1912 1690 2121 1771 depo-

501 1792 725 1855 suisse
789 1791 861 1852 in
937 1787 1187 1851 salario
1254 1784 1454 1848 iuxta
1523 1783 1975 1847 batesterium
2045 1802 2123 1863 74

499 1886 771 1948 modios
839 1882 1003 1945 salis
1059 1881 1149 1943 de
1210 1879 1347 1942 illis
1417 1896 1582 1956 2400
1646 1877 1899 1940 111οά115
1944 1897 2123 1959 quos

501 1982 710 2044 debet
755 1978 1058 2041 vendere
1105 1972 1477 2037 communi.

500 2196 598 2259 45.
649 2216 725 2226 -
779 2198 958 2257 1303,
1047 2174 1135 2242 td.
1183 2174 1270 2239 id.
1357 2176 1453 2248 D,
1485 2194 1587 2255 49.

584 2333 991 2397 Praedictus
1003 2331 1398 2395 Sandonius
1424 2328 1795 2394 confitetur
1817 2348 1892 2390 se
1911 2325 2123 2390 vendi

500 2428 751 2491 fecisse
779 2437 1004 2491 totum
1033 2427 1138 2491 sal
1169 2426 1530 2488 venditum
1552 2424 1624 2488 in
1647 2422 1919 2487 salariis
1939 2440 2125 2483 com-

500 2522 730 2585 munis
774 2540 996 2603 usque
1039 2520 1132 2583 ad
1176 2519 1316 2583 kal.
1356 2517 1757 2580 novembris
1799 2515 2122 2599 proxime

501 2614 862 2698 praeteriti
905 2614 996 2677 ad
1039 2613 1341 2696 lapidem
1386 2610 1506 2696 qui
1535 2620 1702 2673 tunc
1733 2618 1879 2673 erat
1909 2608 1980 2671 in
2017 2628 2120 2669 sa-

499 2709 672 2772 lario
736 2706 1093 2789 pescariae
1151 2717 1221 2770 et
1285 2725 1425 2767 non
1497 2703 1587 2768 ad
1647 2703 1952 2785 lapidem
1999 2700 2120 2783 qui

499 2822 761 2866 novum
805 2800 956 2865 fieri
1000 2799 1336 2863 fecerunt.

501 3010 599 3086 46.
646 3042 732 3055 —
776 3026 954 3085 1303,
1001 3004 1133 3069 dec.
1182 3024 1281 3082 31,
1335 3002 1430 3078 II,
1477 3001 1553 3065 in
1604 3000 1971 3086 episcopali
1990 3006 2119 3086 pa-

583 3098 751 3164 lacio
797 3098 871 3163 in
917 3098 1052 3183 loco
1095 3097 1216 3162 ubi
1251 3096 1362 3161 ius
1408 3094 1633 3162 reddit
1657 3095 1754 3160 ad
1779 3094 2118 3159 msticiam

583 3192 978 3258 clericorum
1031 3194 1414 3259 Cremonae.

579 3345 912 3410 Notarius
953 3355 1026 3409 et
1069 3344 1300 3408 scriba
1357 3344 1448 3407 ad
1491 3342 1796 3407 officium
1841 3343 2116 3425 delega-

499 3452 748 3513 torum,
796 3458 956 3503 cum
999 3438 1275 3503 duobus
1330 3436 1648 3510 testibuS,
1694 3438 2121 3501 autenticant

499 3544 642 3599 tres
701 3531 1082 3597 sententias
1143 3530 1904 3603 excommunicationis,
1959 3531 2119 3593 sim-

500 3627 708 3711 plicis
751 3636 822 3690 et
873 3624 1196 3707 duplicis,
1255 3644 1348 3703 17,
1397 3645 1478 3688 20
1521 3633 1592 3687 et
1637 3644 1714 3703 ²5
1770 3624 1889 3687 lib.
1929 3625 2119 3705 imp„

499 3723 676 3785 latas
717 3730 1036 3801 tempore
1087 3718 1430 3801 Raynerii
1475 3718 1807 3801 episcopi,
1852 3739 1896 3781 a
1935 3719 2121 3781 Mor-

500 3816 680 3878 oello
726 3815 814 3877 de
857 3812 1256 3877 Benedictis
1330 3812 1668 3877 canonico
1711 3822 1781 3875 et
1825 3812 2120 3877 Balcaro

499 3910 588 3972 de
631 3906 997 3971 Restalliis
1053 3906 1284 3969 iudice
1347 3906 1571 3989 lay00,
1637 3906 1989 3988 deputatis
2033 3906 2121 3967 ad

499 4000 803 4065 officium
851 4000 1351 4082 delegatorum,
1399 4009 1640 4064 contra
1695 3999 2123 4063 Iacominum

501 4098 587 4159 de
631 4094 920 4169 Schicis,
967 4114 1148 4175 quae
1191 4094 1606 4176 legebantur
1648 4094 1720 4156 in
1763 4094 1943 4157 libro
2001 4114 2120 4156 ex·

499 4186 1202 4253 communicationum
1270 4188 1689 4270 simplicium
1763 4198 1832 4251 et
1897 4188 2121 4269 dupli-

501 4282 704 4357 cium,
751 4281 1245 4353 intencionum,
1304 4292 1857 4364 praeceptorum,
1915 4282 2121 4345 inter-

500 4377 864 4449 dictorum,
922 4375 1408 4457 parabolarum
1476 4386 1546 4439 et
1610 4386 2006 4440 tenutarum
2054 4386 2123 4439 et

499 4470 789 4533 aliarum
816 4468 1250 4532 diversarum
1283 4470 1781 4551 scripturarum
1812 4470 2121 4533 omnium

497 4562 1004 4646 pertinencium
1086 4564 1176 4625 ad
1242 4562 1544 4627 officium
1641 4566 2121 4647 delegatorum

499 4656 834 4739 episcopi.
859 4656 1085 4738 —(La
1130 4659 1435 4720 seconda
1479 4658 1880 4721 scomunica
1923 4658 1992 4720 di
2044 4680 2123 4721 20

498 4750 724 4814 libbre
767 4750 933 4832 imp.
994 4769 1113 4812 era
1175 4749 1428 4813 inflitta
1493 4772 1620 4833 per
1683 4772 1824 4814 non
1890 4770 2123 4814 essere

499 4844 726 4908 uscito
772 4843 956 4907 dalla
997 4843 1242 4925 prima,
1287 4847 1617 4927 pagando
1648 4844 1873 4907 libbre
1914 4866 2023 4925 17;
2056 4847 2123 4907 la

499 4948 704 5012 terza,
751 4956 882 5019 per
920 4956 1062 4999 non
1107 4956 1338 5001 essere
1369 4937 1592 5001 uscito
1623 4937 1806 5001 dalle
1837 4938 1972 5000 due
2005 4958 2121 5001 an-

498 5031 868 5096 tecedenti.
897 5031 996 5095 Le
1027 5042 1352 5095 sentenze
1383 5051 1596 5096 erano
1632 5032 1947 5096 intimate
1977 5052 2125 5097 suc·

499 5123 1012 5191 cessivamente
1053 5126 1142 5189 da
1184 5147 1281 5190 un
1325 5126 1670 5208 corriere).

501 5353 599 5414 47.
645 5368 728 5381 —
781 5354 960 5411 1304,
1005 5339 1150 5417 apr.
1199 5357 1256 5413 4,
1291 5331 1352 5396 a'.
1385 5334 1645 5397 Romae.
1688 5333 1880 5418 apud
1894 5334 1963 5397 S.
1995 5334 2123 5397 Pe-

589 5432 793 5491 trum.
853 5426 1008 5491 BG.
1053 5427 1345 5510 Ripolli,
1405 5426 1592 5491 Ball.
1653 5426 1962 5493 Praedia.
2023 5428 2121 5500 II,

2316 545 2417 606 97.
2481 525 2984 601 Domaneschi,
3050 529 3172 593 De
3231 526 3361 591 reb.
3426 548 3601 591 coen.
3628 576 3646 602 ,
3710 548 3853 592 ecc.

2312 640 2380 701 p.
2434 640 2528 700 19.

2310 756 2517 820 Bulla
2556 756 2919 821 Benedicti
2954 759 3082 831 XI,
3114 759 3334 841 priori
3364 770 3435 823 et
3471 758 3857 823 conventui

2225 849 2512 913 fratrum
2556 852 3117 933 praedicatorum
3176 852 3577 926 Cremonae,
3624 854 3857 935 quati-

2227 964 2357 1008 nus
2386 944 2659 1025 possint
2689 946 3076 1009 distrahere
3107 947 3473 1009 ecclesiam
3504 957 3575 1010 et
3600 946 3859 1009 domos

2226 1036 2297 1101 S.
2343 1037 2744 1113 Guillielmi,
2775 1059 2933 1102 curn
2966 1040 3295 1103 duxerint
3327 1060 3401 1103 se
3430 1039 3855 1103 transferen-

2226 1133 2353 1194 dos
2397 1130 2469 1193 in
2514 1133 2743 1195 locum
2776 1132 2988 1195 alium
3020 1134 3091 1196 in
3122 1134 3408 1197 civitate
3437 1133 3852 1197 Cremonae.

2222 1324 2319 1397 48.
2366 1356 2448 1365 --
2500 1339 2679 1399 1304,
2786 1317 2875 1383 id.
2922 1318 3011 1383 id.
3150 1318 3307 1385 BG.
3373 1320 3669 1403 Ripolli,
3752 1326 3857 1404 op.

2309 1412 2415 1476 cit.
2486 1414 2676 1488 VIII,
2722 1432 2865 1493 454.
2910 1413 3401 1487 Domaneschi,
3444 1413 3556 1488 id„
3600 1436 3677 1497 p.
3726 1435 3828 1477 22.

2307 1550 2511 1612 Bulla
2553 1549 2918 1613 Benedicti
2947 1550 3075 1625 XI,
3108 1550 3641 1632 archiepiscopo
3674 1548 3856 1615 Con-

2223 1634 2369 1707 s'an.
2406 1654 2475 1707 et
2511 1644 2861 1725 episcopis
2897 1643 3179 1707 Brixiae
3210 1654 3279 1707 et
3308 1645 3662 1727 Bergomi,
3714 1665 3860 1727 qua

2222 1736 2587 1801 confirmat
2617 1738 2983 1801 ecclesiam
3016 1738 3087 1800 S.
3116 1737 3417 1813 Martini,
3449 1758 3607 1802 cum
3632 1737 3857 1800 omni-

2221 1832 2355 1895 bus
2398 1832 2667 1894 iuribus
2724 1831 3257 1914 pertinentibuS,
3332 1830 3467 1895 iam
3540 1852 3581 1893 a
3652 1850 3857 1912 prae-

2224 1925 2592 1989 decessore
2648 1944 2776 1987 suo
2850 1923 3179 1987 fratribus
3243 1924 3857 2005 praedicatoribus

2222 2018 2803 2081 Cremonensibus
2848 2038 3271 2093 concessam,
3311 2018 3651 2081 mandans
3682 2037 3855 2099 qua·

2222 2111 2408 2175 tinus
2452 2133 2575 2175 eos
2616 2112 2951 2175 inducant
2992 2123 3061 2176 et
3106 2110 3501 2176 defendant.

2219 2320 2317 2381 49.
2362 2338 2447 2349 -
2499 2320 2677 2381 1304,
2723 2305 2871 2385 apr.
2918 2322 2978 2380 4,
3024 2301 3158 2374 III,
3200 2300 3585 2365 Cremonae.

2304 2438 2609 2503 Donatio
2654 2438 2743 2501 de
2783 2458 3038 2501 novem
3082 2439 3301 2520 peciis
3344 2449 3571 2503 terrae
3607 2439 3681 2502 in
3714 2448 3853 2502 ter·

2220 2532 2461 2596 ritorio
2532 2531 2821 2595 Calliani
2906 2532 3091 2596 facta
3178 2534 3267 2596 ab
3350 2534 3684 2616 Egidiolo
3763 2533 3853 2595 de

2219 2625 2596 2700 BonseriiS,
2642 2626 2977 2689 canonico
3021 2627 3473 2701 cremonensi,
3519 2626 3851 2708 Capitulo

2220 2718 2671 2795 cremonensi,
2734 2719 2889 2782 vice
2954 2720 3193 2784 0110115
3257 2722 3444 2785 beati
3489 2720 3681 2784 Petri
3730 2719 3847 2783 siti

2220 2814 2289 2877 in
2332 2814 2501 2876 eccl.
2547 2812 2929 2877 Cremonae
2972 2812 3172 2877 iuxta
3238 2815 3485 2878 scallas
3529 2815 3847 2897 lapidum

2216 2928 2344 2991 per
2388 2928 2564 2992 quas
2606 2906 2746 2970 itur
2788 2927 3000 2990 super
3041 2908 3299 2989 palatio
3329 2908 3551 2971 veteri
3579 2908 3665 2971 D.
3702 2906 3847 2989 epi-

2216 3021 2434 3083 scopi.

2216 3205 2315 3267 50.
2362 3226 2451 3235 -
2500 3208 2679 3268 1304,
2724 3187 2903 3253 mad.
2946 3211 3007 3269 4,
3048 3188 3145 3263 II,
3186 3189 3571 3254 Cremonae.
3600 3190 3699 3266 D,
3734 3208 3841 3270 53.

2301 3322 2740 3387 Reformatio
2784 3325 3113 3387 abbatum
3158 3335 3228 3388 et
3272 3324 3688 3409 sapientium
3721 3344 3843 3409 ga-

2217 3417 2439 3479 bellae
2482 3418 2671 3499 quod
2708 3418 3083 3500 collegium
3146 3418 3460 3481 iudicum⁴
3524 3419 3843 3482 consulat

2218 3520 2451 3573 utrum
2539 3512 3010 3575 cavalcatores
3083 3512 3464 3576 Cremonae
3537 3514 3842 3576 debeant

2215 3605 2474 3668 habere
2519 3604 2931 3668 solutionem
2978 3625 3188 3688 quam
3232 3616 3480 3688 petunt
3542 3626 3632 3669 an
3699 3625 3841 3667 non

2217 3699 2303 3761 de
2345 3698 2517 3773 iure,
2563 3709 2632 3761 et
2676 3700 2865 3782 quod
2929 3699 3243 3781 provisio
3313 3701 3403 3763 de
3460 3699 3840 3781 praedictis

2218 3801 2289 3855 et
2331 3792 2423 3855 ad
2462 3792 3025 3857 fortificationem
3070 3794 3589 3876 praedictorum
3616 3792 3741 3857 fiat
3770 3802 3841 3855 et

2217 3904 2346 3967 pro
2390 3884 2573 3951 facta
2616 3888 2975 3951 habeatur.

2217 4092 2302 4154 51.
2348 4110 2433 4123 --
2484 4094 2661 4154 1304,
2710 4072 2891 4138 mad.
2934 4093 2995 4154 5,
3038 4073 3133 4145 II,
3191 4075 3572 4147 Cremonae,
3620 4073 3695 4137 in
3715 4080 3837 4158 pa-

2304 4167 2465 4231 latio
2530 4167 2834 4253 episcopi,
2900 4168 3296 4252 praesentia
3360 4167 3703 4231 Allz'nerz'i
3760 4166 3840 4231 de

2302 4261 2690 4336 Allz'nerz'zlr,
2734 4260 3004 4327 Carlz'm'
3030 4261 3113 4325 de
3146 4259 3611 4334 Madalbertis,
3644 4259 3848 4325 Petri

2303 4355 2383 4419 de
2446 4355 2698 4419 Multis
2777 4354 3079 4420 denariis
3141 4360 3341 4441 atque
3424 4354 3703 4439 Ugolim‘
3760 4353 3841 4417 de

2314 4446 2565 4523 Crevz'S,
2630 4447 2984 4513 consulum
3028 4448 3268 4534 colegii
3325 4447 3623 4513 iudicum
3683 4449 3836 4513 Cre-

2304 4562 2559 4606 monae.
2603 4544 2699 4615 D,
2748 4562 2849 4623 54.

2306 4700 2342 4741 «
2387 4678 2767 4743 Consilium
2812 4678 3063 4762 colegii
3106 4679 3415 4743 iudicum
3459 4679 3839 4745 Cremonae

2219 4773 2456 4836 datum
2500 4774 2591 4835 ab
2632 4773 2955 4837 abatibus
2998 4782 3071 4837 et
3098 4774 3533 4856 sapientibus
3564 4775 3837 4857 gabelle

2217 4864 2554 4930 Cremone
2598 4866 2671 4929 in
2736 4888 2875 4949 quo
2941 4867 3214 4949 colegio
3279 4867 3558 4931 fuerunt
3614 4872 3691 4948 67
3739 4867 3835 4930 iu-

2220 4960 2410 5023 dices
2455 4962 2541 5023 de
2585 4960 2740 5043 ipso
2786 4961 3059 5043 colegio
3103 4963 3241 5025 tale
3286 4972 3393 5025 est
3436 4962 3763 5025 videlicet
3799 4982 3835 5023 »

2221 5054 2410 5135 quod
2453 5053 2767 5136 provisio
2813 5055 3132 5137 gabellae
3176 5076 3255 5134 24
3294 5055 3433 5119 ian.
3460 5054 3834 5138 praeteriti,

2222 5168 2361 5229 qua
2404 5149 2877 5211 cavalcatores
2948 5169 3071 5212 seu
3144 5149 3575 5230 stipendiarii
3641 5149 3837 5214 Com-

2222 5242 2451 5304 munis
2496 5244 2966 5316 cassabantur,
3010 5243 3237 5323 potuit
3281 5243 3431 5305 fieri
3476 5244 3562 5307 de
3592 5244 3741 5307 iure
3769 5254 3837 5307 et

2225 5336 2450 5408 valet,
2476 5356 2655 5417 quae
2708 5335 3020 5417 provisio
3085 5338 3267 5399 lecta
3330 5336 3462 5401 fuit
3517 5338 3591 5401 in
3650 5339 3835 5402 dicto

2224 5429 2519 5511 colegi0.
