4050 6109
540 303 658 346 110
1537 295 1808 346 CODICE
1851 295 2375 346 DIPLOMATICO
2419 294 2879 344 CREMONESE

846 420 1327 436 -ῲ--ῄ--φ--ς-
1390 421 1399 424 -
1465 421 1650 436 ---.———
1684 421 1744 426 -.-
2130 419 2188 425 .--
2221 419 2262 424 --
2294 419 2374 424 .-ᾳ
2853 421 2932 426 -,-
2961 421 3066 436 -.τ-
3179 419 3313 426 --——-

529 549 624 623 63.
661 579 732 590 —-
780 562 957 622 1229,
979 539 1169 626 febr.
1207 498 1308 616 2ο,
1329 539 1671 626 Pergami,
1703 539 1776 604 in
1813 541 2160 626 episcopio.
2260 556 2353 618 72.
2398 574 2485 586 —
2538 558 2715 618 1229,
2798 533 2886 601 id.
2976 536 3064 601 id.

613 681 992 746 Guifredus
1029 679 1401 751 cardinalis
1435 689 1883 760 protestatur,
1923 700 2159 744 coram
2344 677 2670 740 Sindieus
2735 675 3114 740 Cremonae
3170 675 3421 740 iterum
3479 699 3553 741 se
3614 699 3878 760 reprae-

531 777 764 840 Adam
793 775 1105 846 Galassa‚
1153 775 1343 856 quod
1389 793 1752 836 commune
1777 772 2160 837 Cremonae
2208 816 2213 859 :
2258 781 2508 834 sentat.

532 890 672 932 non
701 869 1043 932 inciderat
1071 865 1141 929 in
1174 867 1461 948 aliquod
1497 867 1962 940 interdictum,
1998 867 2164 948 quia
2208 878 2213 936 Ι

531 985 626 1028 ex
656 962 1048 1046 praeceptis
1083 960 1347 1043 Algisii
1379 961 1466 1024 de
1496 961 1810 1024 Roxiate
1841 959 2161 1024 canonici

528 1056 1010 1142 pergamensis
1037 1054 1345 1137 delegati
1377 1053 1483 1116 sui
1523 1053 1806 1116 miserat
1828 1053 2159 1117 nuncium

531 1161 692 1215 ante
739 1150 1110 1213 terminum
1157 1159 1512 1212 statutum.

2258 978 2353 1038 73.
2400 995 2482 1004 —
2538 980 2714 1039 1229,
2777 963 2977 1022 mart.
3042 981 3140 1032 20,
3204 961 3295 1035 ll,
3355 959 3750 1032 Alediolam',
3810 961 3879 1023 in

2330 1052 2594 1138 palatio
2646 1052 2958 1138 episcopi.

2342 1187 2721 1252 Guifredus
2790 1189 3161 1253 cardinalis
3220 1200 3649 1272 protestatur
3698 1195 3883 1272 quod

2256 1281 2565 1348 sindicus
2612 1303 2685 1346 se
2737 1281 3287 1364 repraesentavit
3355 1285 3443 1346 ad
3510 1285 3879 1348 terminum

2258 1387 2615 1441 statutum.

2208 1488 2213 1555 Ι

616 1473 939 1557 Algisius
986 1474 1070 1534 de
1117 1471 1405 1535 Roxate
1450 1471 1694 1533 eadem
1743 1480 2060 1534 testatur.

532 1654 630 1730 ⁶5·
678 1686 753 1694 -
815 1667 973 1726 1229
1019 1647 1205 1728 (1228
1251 1643 1423 1723 inc->⁹
1472 1647 1670 1707 mart·
1736 1664 1783 1716 Ι,
1851 1643 1948 1716 IL
2008 1644 2161 1708 Cre.
2259 1579 2353 1639 74·
2402 1599 2477 1607 —
2538 1582 2714 1642 1229,
2762 1567 2960 1627 mart.
3002 1585 3104 1639 21,
3141 1561 3230 1628 ul.

619 1763 875 1806 72207208.

2244 1730 2249 1736 ·
2342 1697 2657 1762 Boninus
2700 1699 2876 1782 petit
2920 1700 3151 1764 omnia
3206 1701 3663 1767 instrumenta
3710 1722 3886 1784 quae

2259 1791 2428 1854 dicit
2458 1792 2590 1854 sibi
2620 1794 2995 1858 abstulisse
3026 1793 3339 1858 Ziliolum
3367 1794 3659 1860 Guberti
3692 1797 3886 1858 Lom-

2256 1885 2477 1960 bardi‚
2510 1886 2862 1968 quondam
2893 1897 3314 1969 potestatem
3346 1889 3747 1964 Cremonae,
3782 1893 3891 1953 vel

2208 2004 2213 2025 ·
2258 1978 2408 2041 eius
2439 1979 2705 2044 iudices
2735 1982 2886 2044 sive
2912 2002 3281 2045 commune
3310 1984 3422 2046 vel
3452 1983 3627 2046 alios
3659 1984 3783 2066 qui
3814 2006 3893 2046 ea

613 1879 952 1945 Consules
969 1877 1232 1941 faciunt
1249 1877 1479 1939 Adam
1493 1874 1856 1938 Galassam
1869 1875 2159 1938 missum

531 1983 609 2037 ut
653 1975 771 2036 det
801 1971 1074 2035 Bonino
1119 1972 1394 2052 plenam
1440 1968 1797 2032 fidantiam
1833 1967 2160 2030 veniendi

531 2068 603 2130 in
648 2067 1079 2131 Cremonam.
2208 2028 2212 2125 l
2258 2075 2607 2147 tenebant,
2654 2075 2910 2156 quibus
2954 2075 3456 2158 promissiones
3501 2079 3890 2140 communis

1283 2234 1295 2246 ·
2258 2169 2811 2232 continebantur.

531 2245 626 2304 66.
671 2274 757 2286 —-
787 2258 986 2324 ,1229,
1077 2236 1164 2300 id.
1264 2235 1352 2299 ια’.

2206 2355 2212 2397 ι

614 2385 952 2449 Consules
976 2394 1045 2447 et
1076 2383 1440 2447 consilium
1466 2381 1898 2445 constituunt
1919 2380 2157 2443 Adam
2258 2391 2351 2452 75·
2402 2409 2481 2419 —
2537 2394 2714 2454 1229,
2804 2373 2893 2438 id.
2984 2374 3072 2438 id.

529 2479 893 2544 Galassam
926 2477 1265 2541 sindicum
1287 2457 1371 2539 ’in
1395 2477 1672 2558 placitis
1697 2495 1854 2538 cum
1883 2475 2157 2536 Bonino
2206 2408 2212 2525 Ι

533 2576 664 2636 sub
709 2572 1046 2636 Guifredo
1093 2570 1452 2634 cardinali·
2206 2554 2211 2590 ,
2341 2510 2723 2574 Petitiones
2760 2520 2830 2574 et
2860 2513 3339 2576 attestationes
3382 2512 3727 2593 praedicti
3760 2514 3887 2575 Bo-

2207 2595 2211 2643 ¹
2257 2604 2421 2678 nini,
2469 2605 2670 2666 datae
2719 2605 3053 2686 magistro
3098 2605 3461 2668 Landulf0.

533 2766 630 2842 67.
676 2799 759 2808 —
812 2781 970 2840 1229
1015 2765 1205 2844 (1228
1253 2758 1424 2836 ina),
1474 2761 1672 2820 mart.
1721 2779 1777 2836 4,
1840 2756 1932 2829 II,
1990 2756 2157 2819 Per-

610 2853 819 2938 gami,
867 2853 940 2917 in
975 2852 1238 2939 palatio
1284 2850 1588 2936 episcopi.
2260 2795 2353 2870 7⁶·
2404 2826 2479 2836 ““’
2538 2813 2715 2872 ¹²²9⁹
2804 2791 2894 2854 Ζῶ·
2985 2791 3073 2854 'd-

1157 2985 1170 2999 ,
2208 2978 2212 2999 .
2342 2925 2669 2990 Sindicus
2715 2925 3096 2990 Cremonae
3164 2939 3376 3009 negat
3426 2949 3671 2991 omnes
3720 2941 3888 2993 atte-

624 2988 852 3051 Adam
901 2986 1219 3050 Galassia
1265 2987 1352 3048 de
1396 2984 1736 3048 Cremona
1781 3003 1854 3045 se
1886 3001 2158 3064 reprae-
2208 3004 2212 3067 ς
2259 3020 2597 3084 stationes
2641 3020 2700 3083 B
2706 3021 2916 3084 ouini·
3606 3035 3611 3040 .

535 3093 761 3146 sentat
807 3101 1038 3144 coram
1085 3080 1394 3143 Gofredo
1438 3080 1694 3160 legato,
2208 3127 2213 3163 ,

538 3258 634 3317 53·
679 3291 764 3300 -
817 3273 995 3332 1229,
1085 3251 1172 3314 id·
1263 3250 1349 3314 id·
2208 3178 2212 3247 ἶ
2258 3228 2352 3287 77.
2396 3244 2482 3256 —-
2536 3228 2693 3287 1229
2740 3208 2965 3290 (senza
3010 3209 3219 3292 dala).

619 3391 928 3472 Legatus
959 3391 1078 3453 dat
1109 3389 1341 3452 Adam
1387 3387 1746 3453 Galassiae
1778 3395 1846 3450 et
1877 3386 2161 3450 Redivo

535 3484 812 3548 Dodoni
857 3482 1067 3546 iudici
1114 3483 1393 3565 plenam
1426 3479 1780 3545 fidantiam
1827 3481 2057 3544 eundo
2094 3489 2163 3542 et

536 3578 892 3642 redeundo
936 3578 1025 3640 ad
1069 3597 1230 3638 eum
1275 3596 1404 3657 pro
1448 3575 1707 3656 placito
1750 3574 2025 3637 Bonini.

2338 3345 2565 3407 Breve
2639 3346 3140 3410 recordationis
3226 3347 3313 3410 de
3401 3347 3890 3429 interrogatio-

2256 3438 2463 3501 nibus
2484 3440 2767 3502 testium
2792 3441 3291 3521 productorum
3318 3461 3359 3503 a
3383 3441 3657 3505 Bonino
3682 3461 3892 3522 super

2208 3516 2213 3621 l
2257 3531 2440 3595 facto
2485 3532 3101 3596 instrumentorum
3147 3535 3558 3597 ablatorum.

2208 3634 2213 3693 Ι

535 3756 632 3828 69.
678 3765 778 3798 -·
816 3767 992 3827 1229,
1037 3752 1238 3810 mart.
1284 3770 1342 3827 4,
1391 3746 1453 3810 d.
1500 3745 1843 3830 Pergami.
2208 3724 2213 3799 Ι
2259 3727 2352 3802 78·
2407 3757 2473 3769 “·“
2536 3742 2693 3802 ¹229
2740 3721 2969 3804 (sema
3013 3720 3228 3806 dala)-

620 3884 997 3950 Guifredus
1027 3885 1306 3966 legatus
1351 3883 1634 3947 nunciat
1679 3883 2005 3946 statuisse
2036 3893 2165 3946 ter·
2208 3806 2213 3913 Ι
2343 3857 2525 3920 N0t3·
2570 3868 2850 3921 testlum
2919 3879 3047 3940 Pes
3090 3880 3267 3967 (111οξ
3312 3859 3545 3922 Adam
3590 3861 3889 3924 GalaSSst

537 3982 800 4044 minum
847 3979 1050 4042 Adae
1082 3979 1414 4043 Galassae
1444 3990 1514 4042 et
1543 3977 1828 4040 Radino
1864 3977 2164 4040 Dodono
2259 3954 2412 4014 VUst
2454 3954 2747 4032 Probare
2793 3963 3037 4016 contra
3081 3954 3449 4016 Romnum·

539 4085 608 4138 et
652 4073 924 4137 Bonino
969 4081 1046 4136 ut
1099 4093 1174 4135 se
1219 4083 1746 4154 repraesentent
1789 4091 2022 4135 coram
2069 4092 2162 4140 se.

540 4170 771 4233 dando
815 4169 916 4231 eis
960 4167 1234 4246 plenam
1281 4165 1646 4230 fidanciam
1694 4166 1904 4229 eundi
1949 4176 2020 4227 et
2066 4186 2162 4228 re-

539 4263 818 4326 deundL

2261 4177 2353 4237 79.
2401 4196 2483 4204 —
2539 4177 2715 4237 1229,
2785 4163 2983 4220 mart.
3053 4179 3151 4236 23,
3202 4159 3293 4230 ΙΙ,
3366 4159 3767 4236 Alediolam',
3816 4161 3885 4225 in

2334 4251 2596 4335 palatio
2642 4251 3141 4337 arclzz'epzzvcopi.

2344 4387 2727 4450 Landulfus
2774 4388 3228 4468 cappellanus
3288 4385 3604 4453 Guifredi
3664 4391 3887 4453 cardi·

2261 4481 2439 4544 nalis
2484 4481 2725 4545 statuit
2766 4480 3137 4544 terminum
3186 4481 3452 4545 sindico
3504 4483 3885 4546 Cremonae

623 4573 948 4636 sindicus
1035 4571 1417 4635 Cremonae
1513 4579 1992 4651 repraesentat
2088 4590 2162 4632 se
2209 4629 2215 4638 .
2260 4585 2329 4636 et
2374 4575 2645 4637 Bonino
2691 4587 2767 4638 ut
2812 4585 2975 4638 ante
3034 4575 3499 4656 praesentiam
3544 4597 3739 4640 suam
3775 4580 3887 4640 vel

540 4687 772 4732 coram
798 4668 1132 4749 episcopo
1161 4665 1626 4747 pergamensi,
1651 4664 1949 4726 dicendo
1975 4664 2165 4746 quod
2262 4668 2634 4730 cardinalis
2680 4671 3037 4732 accedant.

541 4771 826 4824 venerat
841 4761 930 4824 ad
944 4760 1362 4823 audiendum
1382 4768 1757 4842 praecepta
1772 4759 2162 4821 cardinalis,

539 4455 640 4516 70.
689 4471 766 4484 -·
823 4454 1000 4513 1229,
1049 4437 1246 4497 mart.
1303 4451 1394 4510 15,
1444 4432 1538 4506 II,
1588 4430 1935 4515 Pergami.

2212 4849 2217 4915 Ι
2260 4858 2357 4916 80.
2404 4891 2487 4900 -—-
2540 4873 2718 4933 1229,
2782 4859 2981 4918 mart.
3055 4877 3151 4934 31,
3223 4856 3314 4929 JJ,
3384 4858 3765 4928 Cremonae,
3815 4857 3885 4919 in

542 4969 624 5028 71.
669 4985 756 4996 —
807 4969 984 5028 1229,
1011 4952 1211 5013 mart.
1253 4952 1345 5020 16,
1369 4947 1465 5020 II,
1500 4945 1571 5009 in
1595 4944 1856 5030 palatio
1880 4945 2173 5029 episcopi
2212 4922 2218 5055 ι
2348 4947 2640 5011 consilio.

625 5040 1264 5106 Asedldmwnsmm·
2348 5085 2809 5148 Homobonus
2855 5085 3229 5168 episcopus
3261 5097 3330 5151 et
3360 5088 3560 5151 Prior
3598 5087 3885 5151 fratrum

2265 5179 2825 5260 praedicatorum
2856 5181 3255 5255 Cremonae,
3286 5182 3693 5246 auctoritate
3721 5183 3886 5245 Gui-

544 5274 810 5338 dulfum
855 5273 1156 5336 iudicem
1202 5271 1570 5336 cardinalis
1600 5271 1833 5353 legati,
1870 5272 2168 5335 dicendo
2265 5272 2443 5335 fredi
2485 5274 2722 5355 legati,
2768 5277 3144 5339 admonent
3188 5277 3510 5340 consules
3555 5286 3624 5339 et
3666 5277 3885 5340 consi-

543 5370 732 5451 quod
777 5369 1059 5432 volebat
1103 5387 1180 5430 se
1251 5377 1772 5447 repraesentare
1819 5376 1978 5428 ante
2025 5387 2166 5430 car·
2266 5368 2433 5430 lium
2480 5381 2557 5430 ut
2602 5368 2971 5433 restituant
3022 5371 3297 5433 Bonino
3356 5371 3587 5434 omnia
3638 5371 3884 5434 instru-

541 5464 862 5536 dinalem,
910 5463 967 5525 si
1012 5472 1270 5543 posset.
2217 5481 2221 5541 Ι
2269 5475 2498 5524 menta
2522 5462 2583 5523 ei
2610 5463 2965 5526 ablatavel
2988 5485 3143 5528 011111
3171 5466 3881 5547 eodemcomponant;

625 5181 862 5246 Adam
886 5178 1204 5245 Galassia
1229 5187 1705 5259 repraesentat
1721 5197 1796 5241 se
1812 5188 1973 5241 ante
1993 5177 2167 5242 Lan-
