4050 6109
530 235 569 292 4
1535 232 1803 285 CODICE
1845 236 2363 289 DIPLOMATICO
2407 238 2861 293 CREMONESE

528 350 3851 383 Ἣ

530 474 567 532 8
613 471 961 535 untiarum
1007 482 1274 536 tantum
1331 495 1461 555 pro
1521 476 1830 539 sextario
1877 487 1947 541 et
1991 498 2153 541 con-

529 564 793 647 signari
838 565 910 628 in
955 565 1228 629 salariis
1290 568 1610 649 gabellae
1667 572 1756 633 ad
1813 572 2153 635 rationem

531 679 610 738 24
677 660 1136 722 sextariorum
1202 659 1582 726 Cremonae
1645 684 1774 745 pro
1842 666 2155 747 quolibet

529 754 764 816 modio
810 754 1169 816 Veneti00.
1234 790 1306 801 -—
1371 756 1739 820 Praedicta
1797 757 2153 841 inquisitio

529 845 807 927 incepta
847 846 978 909 fuit
1022 846 1135 909 die
1181 851 1259 910 26
1305 868 1450 931 apr.

528 1059 614 1117 18.
661 1091 742 1100 —
795 1074 972 1133 1303,
1018 1060 1166 1138 apr.
1217 1059 1314 1130 28,
1361 1056 1416 1127 J,
1474 1055 1856 1122 Cremonae.
1904 1057 1999 1128 D,
2053 1076 2151 1119 22.

611 1189 1162 1253 Lanfranchinus
1186 1192 1274 1253 de
1296 1192 1352 1253 F
1356 1212 1571 1267 erem,
1602 1193 1836 1267 abbaS,
1873 1195 2152 1259 nomine

527 1284 867 1458 gabellae,
895 1284 1239 1366 praecipit
1284 1285 1586 1348 correrio
1627 1286 1951 1369 quatinus
1988 1289 2153 1352 citet

593 1397 876 1440 111111105.

525 1586 612 1645 19.
657 1602 742 1612 —
794 1587 974 1645 1303,
1021 1565 1196 1631 mad.
1248 1588 1303 1641 2,
1335 1567 1393 1642 I,
1427 1565 1488 1628 d.
1521 1565 1596 1629 in
1640 1565 1872 1631 ducali
1889 1566 2151 1653 palatio

635 1659 1093 1724 Venetz'arum.
1137 1662 1232 1735 D,
1281 1681 1316 1739 3
1331 1682 1352 1723 1
1367 1709 1382 1723 .

610 1796 914 1860 Litterae
979 1797 1169 1861 Petri
1231 1795 1658 1861 Grandonici
1731 1798 1929 1862 ducis
1948 1847 1963 1873 ,
2033 1800 2153 1883 qui

525 1890 871 1972 praecipit
928 1901 998 1954 et
1052 1899 1259 1973 rogat
1323 1891 1647 1973 quatinus
1710 1893 2155 1973 permittatur

526 1984 843 2065 Nigrello
889 1983 976 2047 de
1018 1985 1216 2047 Luna
1261 1985 1348 2048 de
1390 1984 1679 2048 Mantua
1735 1987 1848 2048 vel
1905 2007 2154 2068 procu-

528 2078 742 2140 ratori
787 2078 954 2153 01115,
1000 2078 1204 2141 latori
1253 2080 1744 2160 praesentium,
1791 2079 1892 2143 ire
1935 2081 2153 2144 libere

526 2191 654 2253 per
695 2171 1184 2235 Lombardiam
1246 2192 1405 2238 cum
1463 2174 1626 2236 navi
1693 2193 1875 2256 quae
1938 2176 2153 2239 habet

531 2285 600 2344 31
655 2265 927 2329 modios
973 2266 1156 2329 salis.

531 2492 628 2537 20.
675 2508 758 2520 -
811 2493 989 2551 1303,
1051 2470 1224 2536 mad.
1279 2493 1370 2547 10,
1415 2472 1475 2545 I,
1547 2470 1858 2536 Venebc'zlr.
1905 2472 1999 2548 D,
2048 2494 2148 2552 42.

613 2626 884 2710 Quirini
950 2627 1382 2690 constituunt
1424 2625 1852 2689 Sandonium
1900 2627 1986 2690 de
2030 2628 2154 2689 La-

527 2721 678 2783 lora
719 2730 1242 2802 procuratorem
1287 2739 1490 2783 suum
1544 2720 1632 2782 ad
1675 2720 2151 2801 recipiendum

529 2814 850 2878 denarios
894 2836 937 2876 a
979 2814 1258 2897 gabella
1316 2813 1714 2888 Cremonae,
1775 2814 1865 2876 ad
1930 2814 2151 2877 consi-

530 2909 888 2991 gnandum
919 2909 1154 2984 salem,
1179 2917 1249 2971 et
1288 2909 1378 2972 ad
1429 2906 1938 2971 defendendum
2003 2906 2154 2971 iura

531 3001 864 3083 ipsorum.

533 3229 616 3272 21.
661 3244 744 3254 —
797 3228 976 3287 1303,
1022 3207 1197 3271 mad.
1251 3228 1345 3283 11,
1391 3208 1449 3279 J,
1521 3206 1832 3273 Venetz'zlr.
1872 3209 1966 3286 D,
2008 3227 2106 3287 23.

614 3343 972 3409 Correrius
1034 3344 1202 3407 citat
1245 3342 1571 3425 Quirinos
1615 3345 1704 3407 ad
1750 3363 2149 3427 comparen-

530 3440 695 3501 dum
739 3438 919 3501 infra
963 3438 1204 3502 decem
1250 3438 1400 3500 dies
1457 3457 1688 3500 coram
1749 3436 1976 3502 officio
2038 3459 2153 3522 ga-

529 3533 754 3596 bellae
796 3532 1194 3597 Cremonae.
1227 3532 1337 3615 (V.
1383 3552 1443 3595 a.
1499 3552 1676 3611 1303,
1721 3552 1864 3613 apr.
1914 3533 2037 3614 28).

527 3760 624 3803 22.
667 3775 749 3785 —
803 3758 983 3817 1303,
1029 3736 1204 3801 mad.
1252 3759 1285 3800 2
1343 3758 1392 3811 1,
1449 3737 1829 3801 Cremonae.
1875 3740 1970 3812 D,
2007 3757 2105 3819 25.

611 3874 1114 3938 Testimonium
1170 3874 1374 3937 unius
1431 3875 1822 3954 pensatoris
1867 3875 2031 3937 salis
2076 3872 2147 3937 in

531 3968 799 4035 salariis
845 3966 1250 4045 00111111111115,
1296 3968 1498 4031 testis
1543 3968 1879 4050 gabellae.

528 4192 624 4250 23.
670 4207 752 4216 -—
804 4190 982 4249 1303,
1029 4168 1117 4233 id.
1164 4168 1252 4233 id.
1297 4170 1394 4243 D,
1442 4174 1541 4233 26.

608 4305 1112 4370 Testimonium
1158 4306 1453 4368 duorum
1481 4315 1929 4387 pensatorum
1959 4307 2145 4383 50115,

523 4401 806 4465 testium
837 4401 1174 4483 gabellae,
1208 4410 1278 4463 et
1313 4400 1604 4463 nuclerii
1633 4400 1995 4464 Mantuani
2027 4402 2146 4483 qui

525 4494 730 4558 duxit
771 4516 1021 4558 navem
1066 4514 1224 4558 cum
1269 4495 1414 4557 sale
1441 4494 1816 4576 pertinenti
1855 4495 1945 4557 ad
1975 4495 2146 4558 San-

525 4588 809 4651 donium
868 4590 954 4652 de
1015 4589 1266 4651 Lalora
1321 4597 1391 4651 et
1449 4588 1713 4663 socios,
1760 4590 1847 4651 de
1892 4608 2032 4671 qua
2075 4588 2146 4652 in

524 4682 774 4745 litteris
819 4682 1018 4745 ducis
1060 4682 1511 4745 Venetiarum
1560 4703 1593 4744 2
1641 4684 1820 4746 mad.

526 4907 623 4967 24.
669 4922 751 4932 -
805 4904 982 4964 1303,
1029 4883 1204 4948 mad.
1255 4906 1353 4964 23,
1404 4906 1502 4965 24,
1552 4890 1629 4949 26
1662 4890 1732 4949 et
1760 4907 1856 4967 27,
1889 4887 1945 4960 I,
1989 4887 2143 4951 Cre-

613 4999 869 5045 monae.
917 4980 1013 5054 D,
1063 4998 1161 5059 27.

609 5114 970 5180 Nicolinus
1014 5116 1103 5178 de
1145 5115 1500 5189 Artuxiis,
1557 5116 1808 5191 abbaS,
1865 5116 2147 5181 nomine

527 5210 917 5292 sapientum
963 5219 1033 5272 et
1063 5210 1392 5272 abbatum
1423 5210 1742 5291 gabellae
1775 5211 2148 5275 denunciat

525 5303 878 5367 Sandonio
923 5304 1010 5365 de
1040 5304 1289 5365 Lalora
1317 5313 1394 5366 ut
1428 5305 1674 5367 adesse
1707 5306 1957 5367 debeat
1988 5326 2145 5367 cum

524 5398 757 5481 priore
813 5396 1299 5461 Vallisviridae
1358 5397 1448 5459 ad
1505 5406 1782 5479 portum
1839 5398 2010 5462 Padi
2070 5408 2147 5462 ut

2250 495 2687 548 mensuretur
2714 486 2915 549 navis
2946 499 3233 552 onerata
3275 490 3439 553 salis
3468 501 3539 555 et
3568 491 3689 555 fiat
3729 512 3861 555 asa-

2251 596 2370 638 zus
2416 598 2536 639 seu
2583 598 2909 643 mensura
2952 582 3167 646 modii
3212 584 3512 647 venetici
3544 585 3634 647 ad
3668 586 3860 648 ratio-

2249 688 2408 731 nem
2439 672 2726 734 sextarii
2750 672 3149 739 Cremonae.
3174 714 3259 723 —
3280 678 3675 741 Sandonius
3706 679 3863 741 dicit

2250 782 2327 825 se
2372 764 2556 827 nolle
2600 778 3037 847 praesentem
3090 789 3276 844 esse,
3338 780 3408 833 et
3459 772 3653 853 prior
3696 772 3861 835 Val-

2248 856 2620 929 lisviridae,
2674 862 3069 941 praesentia
3127 864 3521 946 aliquorum
3580 864 3859 928 fratrum

2249 962 2320 1013 et
2364 953 2879 1033 quamplurium
2924 956 3317 1038 sapientum
3362 968 3431 1022 et
3476 957 3863 1022 officialium

2250 1045 2584 1126 gabellae,
2630 1046 2797 1110 facit
2838 1069 3239 1114 mensurare
3283 1052 3517 1115 salem.
3548 1089 3629 1099 ——
3660 1054 3869 1116 Testi-

2248 1138 2556 1202 monium
2602 1140 2811 1204 trium
2847 1153 3311 1209 mercatorum
3355 1146 3521 1211 salis
3568 1157 3638 1210 et
3670 1148 3865 1211 unius

2247 1232 2639 1312 pensatoris
2683 1234 2753 1296 in
2800 1236 3053 1301 salario
3086 1238 3155 1301 S.
3188 1239 3541 1322 Agathae,
3586 1241 3863 1304 testium

2249 1327 2585 1408 gabellae.
2646 1364 2713 1373 —
2780 1328 3175 1395 Sandonius
3243 1334 3331 1397 de
3394 1334 3645 1397 Lalora
3706 1336 3867 1399 dicit

2249 1421 2439 1503 quod
2482 1422 2791 1485 venditio
2836 1424 3003 1487 salis
3033 1428 3123 1489 ad
3162 1427 3499 1490 rationem
3546 1448 3580 1508 5
3628 1448 3867 1509 pensa-

2248 1534 2400 1577 rum
2446 1526 2517 1577 et
2560 1520 2597 1579 8
2643 1517 3003 1581 unciarum
3045 1539 3175 1601 pro
3221 1521 3535 1604 quolibet
3564 1524 3869 1585 sextario

2246 1608 2431 1672 facta
2474 1618 2581 1673 est
2625 1620 2695 1674 et
2738 1610 2818 1674 fit
2858 1611 3058 1676 iuxta
3088 1634 3365 1678 asazum
3410 1615 3675 1680 factum
3715 1638 3871 1680 cum

2246 1704 2480 1785 priore
2502 1704 2725 1767 Vallis
2757 1706 3021 1771 viridae
3052 1709 3185 1772 sub
3214 1730 3395 1772 anno
3436 1730 3589 1789 1302
3624 1711 3746 1773 iul.
3776 1732 3868 1789 24,

2248 1806 2317 1861 et
2362 1797 2554 1879 quod
2596 1800 2903 1863 nondum
2948 1799 3132 1865 facta
3184 1801 3316 1866 fuit
3372 1824 3702 1867 mensura
3748 1826 3867 1868 seu

2250 1892 2519 1955 asacius
2564 1893 2775 1956 modii
2821 1894 2911 1958 ad
2956 1896 3338 1960 sextarium
3383 1896 3790 1963 Cremonae.

2250 2136 2343 2198 25.
2389 2155 2471 2165 —
2526 2138 2702 2197 1303,
2750 2118 2925 2183 mad.
2976 2124 3073 2195 28,
3124 2142 3203 2201 30
3247 2126 3316 2185 et
3350 2120 3495 2187 iun.
3536 2144 3587 2199 1,
3618 2124 3679 2199 I,
3721 2123 3869 2187 Cre-

2332 2233 2588 2277 monae.
2646 2214 2739 2298 D,
2781 2219 2880 2277 28.

2330 2366 2651 2431 Abbates
2717 2368 3037 2451 gabellae
3104 2380 3419 2435 statuunt
3468 2384 3539 2437 et
3592 2375 3872 2455 prolun-

2247 2470 2418 2543 gant
2447 2462 2815 2525 terminum
2847 2462 3201 2528 Sandonio
3233 2467 3319 2529 de
3356 2466 3607 2531 Lalora
3640 2469 3733 2531 ad
3764 2470 3873 2531 de-

2245 2554 2629 2619 fensionem
2675 2555 3083 2621 faciendam.

2248 2779 2343 2841 26.
2386 2813 2469 2823 ——
2522 2797 2697 2857 1303,
2746 2775 2889 2844 iun.
2946 2801 2997 2851 1,
3055 2780 3439 2845 Cremonae.
3484 2782 3580 2856 D,
3628 2802 3732 2863 29.

2332 2929 2834 2994 Testimonium
2891 2930 3244 2996 Iacomelli
3310 2934 3722 2998 Zancharini
3792 2936 3873 2999 de

2248 3023 2532 3087 civitate
2609 3024 3063 3089 Venetiarum
3092 3075 3108 3101 ,
3182 3028 3589 3092 mercatoris
3630 3056 3635 3063 ·
3672 3029 3870 3104 salis,

2248 3116 2446 3181 testis
2491 3116 2828 3182 Sandonii
2872 3119 2959 3182 de
2995 3120 3264 3184 Lalora.

2248 3360 2344 3421 27.
2368 3378 2451 3387 —
2482 3361 2659 3419 1303,
2695 3339 2840 3403 iun.
2880 3362 2935 3417 2,
2969 3341 3023 3413 I,
3057 3341 3424 3407 Cremonae
3444 3349 3653 3429 super
3681 3343 3871 3407 domo

2325 3432 2647 3518 gabellae.
2693 3436 2787 3506 D,
2840 3456 2939 3514 32.

2332 3592 2581 3657 Abbas
2626 3595 2945 3677 gabellae
2988 3616 3119 3677 pro
3184 3616 3261 3659 se
3325 3606 3395 3659 et
3458 3596 3664 3660 sociis
3726 3598 3869 3659 suis

2246 3698 2673 3768 protestatur
2714 3689 3147 3771 procuratori
3192 3691 3279 3752 de
3326 3688 3633 3771 Quirinis
3680 3692 3869 3773 quod

2248 3779 2549 3844 officium
2594 3782 2911 3864 gabellae
2953 3792 3274 3864 paratum
3306 3793 3457 3846 erat
3493 3786 3870 3847 observare

2246 3876 2479 3939 omnia
2520 3886 2727 3957 pacta
2754 3887 3171 3951 contractuS,
3204 3887 3273 3941 et
3316 3879 3507 3960 quod
3536 3878 3870 3942 clarificet

2246 3980 2316 4033 et
2360 3969 2717 4052 specificet
2758 3990 2843 4033 ea
2888 3990 3066 4052 quae
3108 3991 3249 4034 non
3292 3972 3775 4036 observantur.

2245 4216 2342 4275 28.
2375 4248 2458 4258 ——
2489 4231 2664 4291 1303,
2691 4211 2835 4275 iun.
2864 4230 2898 4289 3
2934 4216 3002 4276 et
3027 4234 3085 4292 4,
3117 4213 3175 4288 I,
3218 4212 3599 4277 Cremonae.
3632 4212 3727 4285 D,
3768 4231 3862 4291 30.

2330 4366 2832 4431 Testimonium
2877 4378 3178 4450 quatuor
3218 4368 3501 4432 testium
3532 4368 3865 4431 Sandonii

2247 4462 2332 4523 de
2377 4461 2648 4536 Lalora,
2692 4461 3053 4524 Zocharini
3116 4462 3202 4524 de
3254 4462 3519 4535 Zochis,
3564 4462 3863 4526 Nicolini

2246 4555 2333 4616 de
2376 4555 2741 4629 VerdelliS,
2788 4554 3123 4617 Bertolini
3169 4556 3256 4618 de
3300 4554 3655 4619 Casamala
3698 4576 3862 4637 pen-

2245 4649 2495 4711 satoris
2520 4648 2681 4711 50115
2706 4648 2939 4712 5010111
2969 4649 3172 4730 parvi
3194 4649 3539 4731 piscariae
3564 4659 3633 4713 et
3656 4650 3859 4714 Gam-

2244 4744 2375 4803 bae
2420 4744 2507 4805 de
2552 4742 2940 4825 ZampaniS.

2244 4984 2337 5043 29.
2396 5000 2480 5011 —-
2537 4985 2717 5044 1303,
2801 4963 2943 5030 iun.
3000 4970 3091 5041 18,
3138 4967 3193 5040 I,
3248 4966 3614 5033 Cremonae
3652 4974 3861 5053 super

2331 5057 2521 5122 domo
2554 5057 2875 5143 gabellae.
2921 5061 3015 5131 D,
3066 5082 3164 5141 33.

2330 5212 2581 5275 Abbas
2640 5213 2957 5294 gabellae
3028 5214 3380 5277 Sandonio
3450 5215 3536 5278 de
3612 5216 3859 5279 Lalora

2247 5307 2490 5368 eadem
2533 5314 2958 5388 protestatur
3002 5317 3070 5369 et
3115 5308 3488 5372 denunciat
3527 5331 3703 5394 quae
3747 5312 3855 5373 die

2249 5421 2282 5462 2
2332 5400 2470 5463 iun.
2507 5400 2616 5485 (V.
2664 5420 2721 5464 a.
2777 5422 2953 5480 1303,
3000 5401 3139 5466 11111.
3187 5402 3267 5483 2).
