4050 6109
643 271 818 324 LITE
863 273 1010 326 CON
1057 263 1387 326 L’ABATE
1431 278 1510 325 DI
1556 275 1614 326 S.
1662 277 1866 326 SISTO
1910 278 2061 328 PER
2106 279 2563 328 GUASTALLA
2610 281 2655 328 E
2701 279 3060 328 LUZZARA
3450 268 3527 342 83

176 525 294 582 208.
339 555 422 564 -—
482 539 663 598 1223,
714 521 848 584 dcc.
901 541 956 602 7,
1005 521 1066 584 d.
1123 521 1474 586 Laterani.
1521 522 1614 597 A,
1666 542 1807 602 305.

250 611 437 684 Affe),
486 613 591 676 St.
640 613 719 676 di
769 613 1152 691 Grtastalla,
1203 617 1256 690 I,
1307 621 1448 696 364.

245 750 554 814 Litterae
599 752 906 814 Honorii
938 753 1039 816 III
1083 753 1174 816 ad
1211 753 1496 817 Petrum
1543 754 1811 836 episco-

171 865 322 926 pum
355 847 862 910 terdonensem
895 847 1222 929 quatinus
1256 858 1498 911 contra
1533 847 1810 910 Cremo-

171 960 316 1002 nam
364 948 438 1002 et
485 939 818 1004 civitates
872 942 993 1022 qui
1048 962 1571 1004 cremonensem
1616 953 1810 1025 pote-

169 1044 408 1096 statem
433 1046 884 1098 assumerent
909 1037 1024 1098 vel
1042 1036 1434 1099 detinerent
1453 1037 1806 1118 procedat.

165 1236 288 1294 209.
335 1254 424 1264 —
481 1239 646 1297 1224
695 1220 883 1299 (1223
931 1217 1103 1300 ina),
1167 1218 1304 1282 ian.
1363 1237 1453 1298 15,
1502 1218 1669 1292 XII,
1736 1218 1809 1282 in

231 1309 502 1394 pala-lio
563 1311 866 1396 episcopi
925 1313 1401 1377 cremonensis,
1461 1313 1554 1386 A,
1606 1331 1727 1391 305
1775 1333 1810 1374 e

241 1410 388 1469 aut.

247 1543 572 1606 Litterae
650 1507 970 1625 episcopi
1041 1544 1482 1608 terdonensis
1558 1543 1812 1607 dantur

164 1639 504 1720 episcopo
535 1637 926 1700 Cremonae
957 1647 1035 1701 ut
1066 1647 1482 1720 potestatem
1528 1647 1597 1700 et
1628 1658 1810 1700 com-

165 1751 368 1793 mune
413 1742 707 1794 moneat
751 1740 964 1813 atque
1003 1731 1286 1796 inducat
1329 1734 1419 1795 ad
1465 1731 1810 1794 dimitten-

166 1827 318 1888 dam
345 1825 885 1906 possessionem
918 1824 1317 1889 Guastallae
1350 1837 1417 1889 et
1449 1825 1812 1887 Luciariae

167 1919 402 1981 abbati
455 1919 530 1981 S.
581 1919 792 1982 Sixti.

163 2125 284 2168 210.
335 2141 426 2152 -—
485 2125 672 2183 1224,
720 2103 859 2166 ian.
909 2125 1008 2182 29,
1047 2105 1212 2178 XII,
1244 2101 1364 2167 sub
1400 2103 1673 2188 porticu
1707 2125 1810 2167 ca-

241 2199 540 2261 nom'cae
595 2197 1019 2262 Guastallae.
1065 2198 1158 2272 A,
1210 2203 1350 2271 262,
1401 2219 1543 2278 319.

241 2335 866 2418 Archipresbyter
891 2344 960 2398 et
984 2335 1328 2416 capitulus
1347 2335 1432 2398 de
1457 2333 1818 2398 Guastalla

163 2429 526 2511 recipiunt
557 2429 829 2492 litteras
861 2429 1174 2510 episcopi
1208 2429 1667 2501 terdonensiS,
1694 2429 1812 2510 qui

158 2523 514 2604 praecipit
541 2523 878 2604 quatinus
907 2523 1226 2584 homines
1251 2534 1321 2586 et
1351 2523 1814 2604 parochianos

159 2618 600 2678 admoneant
631 2626 702 2678 et
735 2615 1068 2678 inducant
1099 2628 1174 2679 ut
1207 2618 1292 2678 de
1325 2617 1511 2679 omni
1549 2617 1814 2678 honore

155 2725 222 2772 et
253 2709 670 2773 redditibus
717 2711 1018 2773 debeant
1049 2711 1284 2773 abbati
1331 2711 1401 2772 S.
1427 2711 1612 2772 sixti
1646 2710 1813 2772 inte-

159 2804 466 2886 graliter
511 2803 965 2886 respondere.

164 3014 277 3056 211.
330 3030 424 3039 —-
479 3015 500 3055 1
521 3013 665 3072 224,
699 2991 810 3067 id„
841 2991 963 3055 sub
984 2991 1256 3077 porticu
1288 2991 1646 3054 canonicae
1675 2992 1814 3056 Lu-

237 3086 532 3150 ciariae.
579 3087 674 3162 Α,
729 3091 870 3165 263,
922 3107 1064 3164 320.

237 3225 574 3286 Eaedem
619 3223 893 3285 litterae
938 3223 1190 3285 dantur
1233 3222 1817 3304 archipresbitero

157 3317 567 3380 Luciariae.

153 3527 280 3571 212.
325 3543 421 3554 —·-
477 3525 662 3585 1224,
710 3501 820 3579 id„
857 3509 1076 3590 prope
1131 3504 1488 3570 Taliatam.
1531 3505 1624 3576 A,
1677 3509 1818 3584 264,

247 3622 411 3681 321.

233 3739 578 3802 Nunnius
611 3737 927 3819 episcopi
961 3738 1404 3802 terdonensis
1436 3738 1822 3820 interrogat

155 3831 643 3915 pedagerium
690 3831 750 3892 T
754 3831 1004 3894 aliatae
1043 3831 1162 3915 qui
1214 3834 1590 3913 respondet
1635 3831 1824 3913 quod

157 3925 434 3990 Cocius
465 3925 853 4000 MarianuS,
899 3935 1213 4008 potestas
1250 3925 1650 3990 Guastallae
1696 3947 1824 4007 pro

158 4019 566 4094 Cremona,
636 4021 924 4081 tenebat
987 4019 1272 4101 pignori
1338 4020 1714 4102 pedagium
1785 4041 1824 4082 a

160 4112 548 4182 Cremona,
597 4120 667 4173 et
721 4111 872 4191 ipse
919 4113 1228 4174 habebat
1283 4113 1595 4194 quintam
1643 4111 1823 4174 deci-

161 4227 356 4268 mam
407 4215 693 4288 partem
740 4205 1054 4267 eiusdem
1101 4206 1408 4288 pedagii.

161 4415 288 4473 213.
340 4430 432 4440 -
495 4412 678 4470 1224,
703 4388 892 4477 febr.
949 4411 1042 4467 13,
1093 4391 1264 4464 XII,
1314 4388 1386 4452 in
1435 4388 1825 4454 maioriec-

247 4485 470 4552 clesia
528 4486 599 4548 T
588 4484 903 4548 erdonae.
950 4484 1090 4567 Ap.

247 4627 522 4688 Petrus
572 4623 952 4704 episcopus
1014 4612 1316 4684 renovat
1355 4621 1827 4684 excommuni-

163 4721 537 4782 cationem
585 4727 658 4780 et
702 4715 1150 4779 interdictum
1198 4716 1266 4777 in
1329 4715 1830 4777 Cremonenses

165 4827 234 4876 et
283 4814 364 4875 in
423 4832 554 4874 eos
622 4809 745 4892 qui
805 4821 1226 4891 potestatem
1289 4809 1670 4872 Cremonae
1729 4831 1832 4870 as-

167 4906 646 4988 sumpserint.

169 5151 302 5209 214.
359 5166 446 5176 —-
504 5148 524 5189 1
544 5148 689 5204 224,
747 5131 946 5190 mart.
997 5129 1054 5197 6,
1105 5124 1273 5198 XII,
1321 5124 1394 5187 in
1465 5125 1834 5200 Vincentio,

259 5225 344 5286 in
393 5220 616 5286 brolio
663 5218 969 5304 episcopi.
1017 5219 1085 5282 Α
1085 5225 1157 5302 p.

257 5357 608 5440 Epistola
640 5355 956 5437 episcopi
990 5355 1430 5417 terdonensis
1457 5357 1658 5419 datur
1695 5355 1834 5436 epi-

173 5473 410 5536 scopo
459 5449 907 5524 vincentiae,
949 5469 1089 5532 qua
1135 5451 1418 5512 mandat
1457 5462 1530 5515 ut
1563 5471 1839 5514 excom-

1912 524 2397 587 municationis
2457 535 2524 587 et
2591 523 2940 587 interdicti
3012 523 3391 586 sententias
3461 523 3531 586 in

1908 618 2410 682 Cremonenses
2456 618 2765 700 publicet
2798 630 2866 682 et
2900 617 3357 681 Vincentinos
3390 638 3532 679 mo-

1907 722 2070 777 neat
2115 723 2189 776 ut
2230 721 2651 794 potestatem
2682 732 3225 785 cremonensem,
3258 711 3531 775 Wiliel-

1910 826 2099 870 mum
2146 806 2500 880 Amatum,
2546 817 2939 868 amoveant.

1910 1014 2034 1075 215.
2082 1032 2163 1039 —
2208 1014 2384 1072 1224,
2432 992 2606 1055 mod.
2656 1013 2761 1072 30,
2810 991 2871 1055 d.
2918 991 3279 1066 Laterani,
3327 1013 3389 1054 a.
3438 994 3527 1053 8⁰.

1993 1089 2133 1172 Ap.

1995 1225 2198 1287 Bulla
2264 1225 2559 1287 Honorii
2612 1225 2712 1286 III
2778 1225 2868 1286 ad
2934 1225 3179 1286 ducem
3248 1223 3531 1285 Petrum

1911 1319 2194 1381 Zianum
2241 1330 2309 1382 et
2339 1319 2689 1400 ‘populum
2735 1319 3166 1380 Venetorum
3211 1339 3299 1380 ne
3353 1337 3534 1378 com-

1912 1412 2267 1475 municent
2332 1433 2487 1475 cum
2562 1413 3145 1476 Cremonensibus
3213 1414 3338 1474 sed
3413 1430 3534 1472 eos

1911 1507 2181 1568 cautius
2236 1508 2519 1570 evitent.

1911 1701 2035 1759 216.
2082 1733 2165 1743 —
2220 1717 2395 1774 1224,
2424 1717 2574 1758 nov.
2622 1701 2679 1770 6,
2714 1693 2774 1758 d.
2801 1692 3153 1768 Laterani,
3187 1715 3247 1756 a.
3276 1695 3361 1772 9⁰.
3396 1692 3461 1754 A
3464 1697 3533 1776 p.

1998 1832 2201 1894 Bulla
2268 1831 2564 1894 Honorii
2621 1831 2723 1893 III
2796 1832 2885 1893 ad
2952 1832 3233 1893 Petrum
3309 1831 3534 1891 terdo-

1913 1947 2200 1988 nensem
2246 1926 2655 2009 episcopum
2702 1934 2778 1987 ut
2810 1923 3242 2006 frequentius
3274 1934 3541 1984 senten-

1913 2025 2046 2087 tias
2112 2022 2854 2088 excommunicationis
2914 2023 2985 2085 in
3030 2021 3536 2084 Cremonenses

1914 2132 2202 2181 renovet
2248 2130 2316 2181 et
2362 2118 2765 2181 civitatibus
2810 2118 3121 2179 inhibeat
3164 2136 3253 2177 ne
3299 2135 3534 2196 quem-

1915 2232 2123 2294 quam
2169 2211 2705 2274 Cremonensem
2752 2213 2823 2274 in
2868 2220 3287 2292 potestatem
3334 2209 3535 2270 adsu-

1914 2316 2109 2369 mant
2140 2307 2251 2368 vel
2283 2307 2625 2368 retineant
2648 2319 2769 2368 aut
2800 2304 3215 2368 commercia
3247 2322 3402 2364 cum
3436 2301 3537 2362 eis

1915 2409 2307 2473 exerceant,
2356 2401 2485 2462 sub
2530 2419 2759 2480 poena
2790 2395 3535 2462 excommunicationis

1914 2503 1984 2556 et
2028 2493 2398 2556 interdicti.

1914 2701 2068 2838 217*ΞῙ
2106 2720 2189 2728 —
2262 2703 2441 2761 1224,
2510 2681 2640 2744 dee.
2714 2686 2809 2756 26,
2860 2681 3078 2754 XIII,
3128 2677 3534 2743 Placentiae.

2077 2826 2094 2848 ,
2152 2781 2287 2855 185.

1999 2912 2317 2994 Epistola
2370 2912 2811 2974 terdonensis
2867 2911 3179 2994 episcopi
3239 2912 3330 2974 ad
3395 2910 3536 2992 epi-

1918 3027 2171 3088 scopos
2230 3007 2522 3070 Parmae
2596 3017 2667 3068 et
2723 3006 3121 3068 Placentiae
3202 3006 3535 3087 episcopo

1918 3101 2324 3163 Placentino
2382 3103 2605 3174 datur,
2653 3121 2793 3182 qua
2848 3101 3191 3181 praecipit
3237 3119 3414 3181 quae
3465 3100 3539 3161 in

1920 3195 2391 3276 suprascripta
2434 3194 2625 3257 bulla
2670 3194 3130 3257 continentur.

1921 3367 2043 3447 218.
2090 3419 2171 3428 -—
2226 3401 2401 3462 1225,
2465 3382 2601 3447 ian.
2664 3403 2721 3463 5,
2786 3384 2991 3458 XIII,
3048 3381 3417 3458 Bononiae,
3467 3381 3538 3444 in

1994 3475 2257 3562 palatio
2301 3475 2607 3563 episcopi.
2654 3477 2721 3542 A
2719 3484 2793 3562 p.

2004 3614 2271 3677 Eadem
2329 3614 2627 3696 epistola
2687 3616 2890 3678 datur
2947 3615 3281 3698 episcopo
3326 3618 3539 3678 bono-

1924 3727 2169 3775 mens1.

1925 3916 2049 3974 219.
2096 3933 2179 3942 ——-
2231 3916 2407 3976 1225,
2456 3901 2654 3960 mort.
2710 3918 2807 3976 19,
2866 3897 3053 3961 VIII
3110 3897 3422 3972 Venetiae,
3470 3899 3542 3964 in

1999 3989 2261 4073 palatio
2306 3991 2511 4054 ducit.
2560 3991 2652 4062 A,
2711 4013 2846 4070 131,
2896 4012 3037 4071 253.

2009 4127 2344 4190 Iordanus
2374 4128 2747 4210 episcopus
2779 4129 3079 4202 paduae,
3105 4150 3196 4192 ex
3228 4129 3552 4191 mandato

1926 4221 2239 4302 episcopi
2304 4223 2775 4300 terdonensiS‚
2850 4243 2975 4306 per
3019 4225 3306 4298 litteraS,
3374 4243 3555 4305 quae

1928 4315 2179 4377 dantur
2206 4315 2417 4378 Petro
2450 4315 2659 4378 Ziano
2691 4318 2853 4380 duci
2883 4318 3357 4390 Venetiarum‚
3395 4337 3553 4379 eum

1929 4417 2135 4490 rogat
2180 4408 2509 4489 quatinus
2576 4409 2993 4472 commercia
3059 4429 3215 4473 cum
3281 4408 3557 4472 Cremo-

1927 4501 2262 4563 nensibus
2310 4513 2518 4565 vetet.

1997 4698 2039 4762 -1-
2069 4691 2144 4750 ”Ι11
2182 4697 2417 4750 nomine
2454 4698 2583 4750 Iesu
2609 4697 2815 4752 Christi
2854 4699 2952 4752 filii
2979 4700 3084 4752 Dei
3112 4700 3351 4753 viventis
3382 4701 3435 4753 in
3474 4717 3559 4753 se-

1931 4775 2059 4827 cula
2085 4792 2275 4827 amen.
2306 4775 2441 4826 Eius
2466 4775 2728 4829 salutaris
2754 4777 3061 4829 nativitatis
3086 4793 3238 4829 anno
3262 4777 3559 4829 millesimo

1933 4850 2331 4903 ducentesimo
2368 4851 2647 4916 vigesimo
2676 4853 2897 4918 quinto,
2929 4852 3237 4904 indictione
3273 4854 3439 4905 tertia
3463 4853 3560 4906 de-

1933 4927 2101 4990 cima,
2141 4927 2235 4980 die
2271 4928 2437 4980 tertio
2480 4929 2709 4982 decimo
2758 4937 3007 4982 exeunte
3054 4929 3287 4992 marciO,
3324 4930 3381 4981 in
3428 4947 3561 4996 pre—

1935 5004 2120 5056 sentia
2157 5020 2403 5070 quorum
2443 5006 2678 5058 nomina
2716 5005 2977 5070 legentur
3012 5003 3267 5058 inferius,

2007 5080 2361 5132 Iohanninus
2396 5080 2469 5132 de
2498 5081 2827 5134 Mediolano
2854 5082 3201 5146 presentavit
3226 5081 3438 5134 litteras
3463 5081 3563 5133 do·

1941 5157 2097 5208 mino
2136 5158 2303 5210 Petro
2341 5157 2513 5209 Ziano
2550 5157 2681 5211 duci
2720 5158 3091 5210 venetiarum
3129 5175 3199 5210 ex
3238 5167 3397 5224 parte
3456 5159 3563 5210 do-

1940 5231 2077 5286 mini
2117 5233 2347 5286 on-dani
2386 5235 2492 5286 Dei
2528 5234 2709 5299 gratia
2766 5235 2959 5287 Padue
3012 5235 3302 5302 episcopi,
3342 5244 3400 5288 et
3442 5237 3567 5288 eius

1939 5310 2129 5377 sigillo
2157 5307 2429 5376 sigillatas
2466 5311 2619 5364 hunc
2656 5311 2894 5364 modum
2922 5312 3309 5365 continentes:
3342 5312 3567 5378 Magni-

1940 5388 2051 5442 fico
2088 5397 2146 5441 et
2169 5387 2387 5455 potenti
2424 5387 2545 5441 viro
2580 5388 2822 5441 domino
2851 5390 3017 5442 Petro
3056 5389 3229 5452 Ziani,
3254 5388 3361 5442 Dei
3387 5389 3568 5454 gratia

1942 5465 2346 5531 Veneciarum,
2390 5466 2673 5520 Dalmatie
2726 5475 2902 5534 atque
2940 5466 3217 5520 Chroacie
3256 5465 3421 5530 duci,
3462 5483 3565 5520 nec
