4050 6109
542 313 622 387 64
1550 324 1817 373 CODICE
1861 324 2376 373 DIPLOMATICO
2421 324 2875 373 CREMONESE

1507 1082 2147 1185 DOCUMENTI
2224 1082 2589 1181 DELLA
2666 1080 2917 1181 LITE

692 1553 1409 1679 L’ABATE
1498 1554 1666 1679 DI
1761 1556 1872 1681 S.
1974 1554 2490 1682 SISTO
2584 1555 2752 1680 DI
2850 1554 3737 1683 PIACENZA

1205 2007 2177 2115 GUASTALLA
2289 2010 2353 2109 Ε
2454 2008 3215 2112 LUZZARA

1991 2250 2433 2305 noe-1227.

534 2609 580 2651 1.
631 2622 709 2632 -
767 2606 943 2665 1193,
991 2606 1120 2647 ma.
1171 2605 1225 2661 3,
1274 2584 1402 2652 XI.
1450 2580 1855 2645 Placentiae.
1902 2582 1995 2652 Α,
2041 2586 2160 2660 366
2258 2582 2516 2645 iudicet
2590 2583 2769 2645 inter
2840 2584 3337 2646 monasterium
3412 2584 3483 2647 s,
3556 2586 3747 2648 sixti
3822 2598 3886 2648 et

619 2702 654 2745 e
713 2678 884 2742 altri
941 2684 1047 2762 ap.
1104 2678 1528 2759 Astegiano,
1591 2676 1660 2739 Il
1711 2678 2031 2739 Passesso
2091 2675 2166 2737 di
2259 2695 2505 2739 comm.
2550 2676 2953 2740 Cremonae.

628 2772 988 2837 Guastalla
1033 2792 1069 2834 e
1112 2772 1441 2844 Luzzara,
1496 2769 1712 2832 Arclz.
1759 2772 1857 2833 St.
1907 2769 2153 2840 Lamb„

611 2866 876 2951 giugno
932 2871 1111 2928 1882,
2257 2887 2315 2944 4.
2366 2902 2443 2910 ——
2497 2885 2673 2944 1199,
2720 2886 2876 2949 aug.
2926 2885 3025 2943 31,
3082 2864 3304 2949 Regii.
3352 2866 3445 2937 A,
3499 2888 3621 2947 294
3682 2888 3718 2930 c
3768 2888 3882 2947 325

617 3002 1098 3066 Autenticatio
1145 3012 1213 3064 et
1256 3000 1639 3083 publicatio
1701 3001 1990 3064 duorum
2058 2998 2156 3061 di·
2342 2979 2377 3020 ⁶
2419 2956 2593 3020 “ltro
2640 2965 2745 3041 ap·

530 3098 914 3179 plomatum
959 3094 1299 3157 Ludovici
1345 3094 1428 3168 ΙΙ,
1493 3099 1634 3173 864,
1695 3114 1856 3155 nov.
1903 3116 1940 3171 4
2001 3095 2155 3173 (do-
2340 3096 2621 3168 PetrUS,
2698 3096 3071 3177 episcopus
3146 3097 3466 3179 reginus,
3542 3097 3887 3179 praecipit

530 3190 721 3253 natio
787 3188 1188 3253 Guastallae
1261 3199 1329 3249 et
1403 3187 1783 3267 Luciariae)
1857 3200 1928 3249 et
1995 3192 2112 3264 872
2140 3235 2153 3261 ,
2206 3211 2211 3246 t
2256 3190 2521 3261 nuntio,
2554 3198 2629 3252 ut
2659 3185 3068 3251 Cremonam
3104 3203 3219 3252 eat
3250 3202 3321 3253 et
3348 3192 3679 3272 potestati
3730 3192 3883 3255 Cre-

532 3304 693 3366 aug.
729 3289 764 3346 8
797 3284 906 3365 (de
936 3293 1141 3363 portu
1188 3282 1259 3344 S.
1298 3281 1480 3343 Sixti
1525 3280 1943 3360 Placentiae)
1975 3280 2161 3342 facta
2206 3266 2211 3312 ¹
2256 3284 2587 3345 moxiano
2620 3285 2736 3346 det
2767 3282 3054 3355 litteras,
3088 3284 3343 3365 quibus
3376 3285 3438 3346 ei
3476 3286 3725 3347 statuit
3757 3295 3885 3347 ter-

533 3378 724 3440 iussu
756 3376 945 3440 Petri
992 3376 1194 3438 titulo
1235 3376 1305 3437 S.
1337 3374 1634 3437 Ceciliae
1671 3373 2043 3437 cardinalis
2088 3387 2156 3435 et
2206 3319 2211 3448 1
2258 3378 2519 3438 minum
2563 3378 3109 3459 peremptorium
3153 3379 3600 3459 comparendi
3646 3398 3883 3440 coram

530 3471 749 3553 legati
809 3469 1208 3551 apostolici,
1265 3482 1333 3531 et
1378 3467 1783 3532 Ardicionis
1843 3466 2157 3549 episcopi
2257 3490 2351 3542 se,
2412 3471 2679 3533 scilicet
2746 3481 3015 3533 sextam
3082 3470 3322 3533 feriam
3382 3484 3545 3553 post
3609 3471 3881 3534 nativit.

529 3564 936 3646 placentini,
996 3574 1064 3626 et
1110 3564 1198 3625 ad
1243 3562 1781 3643 postulationem
1826 3559 2155 3625 Gandulfi
2254 3564 2539 3639 Mariae,
2585 3576 2875 3646 propter
2927 3585 3206 3628 causam
3254 3585 3411 3627 cum
3455 3566 3883 3629 monasterio

530 3659 802 3721 abbatis
849 3660 918 3721 S.
966 3656 1148 3720 Sixti
1195 3658 1298 3739 (1).
2206 3673 2210 3700 ¹
2256 3659 2325 3722 S.
2345 3658 2548 3732 Sixti,
2567 3680 2723 3721 cum
2750 3658 2886 3722 iam
2910 3669 3018 3722 ter
3042 3678 3199 3721 eum
3223 3657 3478 3723 frustra
3498 3660 3880 3723 citavisset.

528 3868 584 3910 2.
632 3884 714 3894 —-
769 3868 945 3927 1199,
969 3844 1157 3930 febr.
1207 3865 1298 3922 13,
1332 3864 1391 3907 a.
1436 3866 1482 3915 1,
1519 3843 1869 3907 Laterani.
1911 3842 1996 3917 Α,
2034 3850 2153 3922 338

615 3961 650 4004 e
694 3940 866 4003 altri
903 3946 1009 4023 ap.
2204 3939 2211 4033 1

612 4075 1058 4139 Innocentius
1101 4075 1202 4137 III
1249 4074 1619 4137 committit
1665 4073 1997 4154 episcopo
2054 4095 2153 4137 re—
2203 4062 2209 4208 ί

529 4170 803 4253 ginensi
870 4168 1201 4231 iudicium
1269 4187 1550 4240 causae,
1618 4188 1798 4248 quae
1858 4168 2155 4230 vertitur
2203 4219 2208 4240 ‚

2253 3871 2310 3934 5.
2356 3890 2437 3901 —
2494 3875 2671 3933 1199,
2717 3860 2881 3939 sept.
2939 3877 2986 3927 1,
3031 3856 3155 3919 sub
3186 3853 3460 3941 porticu
3505 3852 3889 3917 Raimona’i

2340 3946 2419 4011 de
2490 3945 2815 4022 Oldoz'm's,
2887 3950 3269 4014 Cremonae.
3332 3948 3423 4019 A,
3486 3968 3603 4027 295
3652 3969 3690 4009 a
3738 3968 3877 4027 325.

2338 4042 2622 4117 Ficker,
2691 4043 3216 4127 Forsclzngen‚
3267 4064 3391 4106 zur
3435 4040 3688 4107 Reiclzs
3736 4042 3887 4105 und

2339 4135 2967 4220 Rechtsgeschzklzte
3012 4136 3312 4208 ltaliam,
3365 4157 3396 4199 2
3407 4155 3506 4217 57.

528 4264 708 4327 inter
768 4264 1090 4326 abbatem
1150 4262 1219 4324 S.
1251 4260 1467 4367 ‘Sixti
1539 4274 1608 4323 et
1679 4280 1924 4323 comm.
1993 4260 2153 4323 Cre-
2202 4263 2207 4380 ¹
2336 4272 2719 4336 Attestatio
2774 4274 3051 4336 Alberti
3094 4272 3320 4356 Caput
3378 4272 3699 4355 Agneffi,
3760 4293 3877 4334 no-

528 4378 794 4429 monae,
840 4376 1050 4438 super
1093 4357 1407 4419 curt1bus
1452 4354 1854 4417 Guastallae
1908 4364 1977 4417 et
2019 4354 2151 4416 Lu·
2203 4393 2206 4426 ι
2253 4367 2439 4440 tarii,
2502 4369 2589 4428 de
2645 4368 3204 4447 praesentatione
3259 4367 3647 4429 litterarum
3694 4365 3879 4429 facta

525 4451 794 4514 Ciariae·
2202 4431 2205 4510 !
2249 4459 2599 4544 potestati,
2627 4462 2744 4542 qui
2782 4461 3126 4541 percussit
3162 4471 3232 4524 et
3262 4462 3535 4544 expulit
3565 4460 3875 4524 missum.

524 4677 580 4735 3.
628 4691 709 4702 —
765 4676 941 4734 1199,
990 4653 1108 4717 iul.
1157 4660 1213 4728 8,
1261 4676 1321 4715 a.
1371 4674 1427 4724 2,
1475 4651 1825 4715 Laterani.
1873 4652 2012 4737 Ap.
2250 4654 2305 4712 6.
2355 4686 2422 4693 —
2489 4670 2665 4728 1199,
2712 4653 2830 4711 oct.
2888 4670 2937 4721 1,
2984 4648 3207 4733 Regii.
3252 4649 3345 4721 A,
3398 4654 3521 4712 260
3566 4670 3599 4711 e
3647 4669 3790 4727 230.
3876 4670 3882 4675 ·

607 4791 1052 4854 Innocentius
1098 4790 1198 4852 III
1254 4790 1595 4871 praecipit
1653 4790 1986 4872 episcopo
2048 4811 2148 4853 re·
2200 4765 2203 4846 i
2333 4784 2729 4865 Episcopus
2759 4784 3046 4865 reginus
3092 4786 3212 4846 dat
3256 4784 3563 4848 Guidoni
3612 4786 3696 4847 de
3740 4785 3871 4845 Pu-

527 4884 822 4967 ginensi,
856 4885 973 4967 qui
1007 4884 1076 4946 in
1108 4905 1317 4947 causa
1354 4886 1660 4946 nondum
1693 4898 2147 4965 processerat,
2248 4888 2383 4950 te0‚
2432 4878 2775 4939 advocato
2822 4878 3221 4951 Cremonae,
3256 4878 3653 4961 exemplum
3698 4878 3871 4959 peti-

525 4988 601 5041 ut
646 4979 833 5042 omni
879 4978 1322 5043 cunctatione
1367 4989 1660 5049 remota,
1725 4999 2003 5041 causam
2051 4978 2148 5042 di·
2200 4965 2203 4990 '
2250 4972 2459 5035 tionis
2504 4970 2829 5036 Gandulfi
2868 4972 3141 5034 abbatis
3188 4972 3257 5034 S.
3291 4970 3495 5045 Sixti,
3530 4993 3669 5054 qua
3696 4973 3873 5054 petit

981 5186 1145 5192 -ff
1228 5188 1239 5192 ,
1348 5188 1463 5192 ,ψ
2199 5169 3048 5236 ,μή-ψ
3087 5178 3284 5183 -,

578 5318 635 5366 (1)
667 5315 704 5356 11
732 5314 934 5365 diploma
962 5312 1192 5355 deu’anno
1230 5315 1321 5365 872,
1353 5316 1377 5354 8
1407 5319 1586 5365 agosto,
1617 5324 1708 5353 11011
1748 5316 1773 5353 e
1817 5313 2038 5363 riportato
2076 5313 2147 5353 nel
2198 5291 2203 5346 1
2248 5313 2292 5353 10
2322 5311 2422 5352 dice
2451 5311 2566 5353 salso
2594 5325 2619 5351 e
2649 5312 2853 5361 soggiato
2881 5324 2933 5352 su
2962 5312 3114 5363 quello
3142 5312 3263 5353 dello
3290 5318 3439 5353 stesso
3467 5311 3751 5361 imperatore.
3774 5309 3868 5350 del-

523 5378 695 5419 Codice
721 5378 774 5425 A.
807 5388 882 5418 ma
909 5376 1008 5417 solo
1037 5376 1068 5416 il
1095 5376 1256 5426 primo.
1289 5377 1402 5417 Pero
1431 5375 1492 5417 da
1521 5375 1610 5416 due
1637 5386 1927 5426 pergameue,
1960 5386 2149 5415 numero
2198 5381 2202 5398 ¹
2246 5374 2323 5416 l'a.
2354 5376 2446 5424 874,
2478 5387 2502 5424 3
2531 5374 2725 5421 ottobre‚
2752 5376 2986 5423 Muratori,
3017 5378 3126 5416 Ant.
3157 5375 3192 5424 1,
3224 5388 3317 5425 933,
3340 5386 3365 5415 e
3386 5376 3445 5423 11,
3476 5386 3570 5425 454.
3600 5395 3652 5403 —
3679 5372 3748 5413 Cs.
3772 5374 3865 5412 Do-

522 5440 708 5481 d’Arch.
739 5452 818 5489 314
846 5451 872 5479 e
899 5450 993 5488 401,
1023 5438 1180 5479 risulta
1209 5439 1292 5479 che
1321 5450 1400 5479 era
1431 5443 1636 5489 appunto
1674 5442 1838 5488 questo
1874 5436 1905 5478 il
1945 5437 2148 5477 secondo
2248 5437 2446 5477 cumenti
2475 5449 2566 5477 non
2605 5438 2873 5483 cremonesi.
2918 5437 3175 5478 eonservati
3204 5436 3530 5479 ncll'Archivio
3563 5435 3635 5477 del
3664 5436 3865 5477 Comune

519 5502 722 5552 diploma
749 5500 1044 5543 autensscato.
1076 5500 1112 5541 11
1135 5500 1432 5543 Miihlbaeher
1457 5500 1684 5553 (Bbhmer,
1710 5501 1822 5549 Reg.
1853 5498 1962 5549 imp.
1985 5512 2030 5551 p.
2052 5502 2147 5550 471)
2248 5498 2295 5539 di
2324 5500 2565 5549 Cremona,
2599 5512 2636 5541 1.
