4050 6109
538 313 650 375 108

1526 317 1796 370 CODICE
1841 317 2364 368 DIPLOMATICO
2410 319 2869 369 CREMONESE

521 577 622 647 35.
667 603 750 614 --
803 571 981 639 1228,
1027 569 1191 650 sept.
1249 585 1360 640 20,
1431 566 1486 638 I,
1549 523 1628 628 'in
1683 564 1942 649 palatio
1998 565 2149 629 Cre·
2251 579 2347 640 45.
2394 599 2477 607 -
2530 567 2708 634 1228,
2798 561 2887 626 id.
2978 561 3067 626 id.

611 681 866 724 monae.

609 798 922 862 Boninus
954 797 1330 861 denunciat
1350 797 1627 861 arbitris
1653 800 1842 881 quod
1865 807 2149 879 paratus

525 903 632 956 est
673 894 1062 974 producere
1107 892 1178 954 in
1221 903 1425 955 antea
1467 913 1768 955 causam.

522 1102 620 1176 36.
665 1135 748 1145 —
803 1103 979 1174 1228,
1024 1101 1190 1181 sept.
1239 1119 1338 1172 21,
1383 1099 1441 1172 I,
1499 1097 1882 1162 Cremonae.

613 1236 926 1300 Boninus
972 1237 1092 1300 dat
1136 1237 1206 1300 in
1252 1237 1572 1300 manibus
1616 1237 2033 1302 arbitrorum
2069 1256 2141 1315 41

521 1330 983 1394 instrumenta
1023 1331 1283 1412 quibus
1327 1331 1428 1395 uti
1474 1333 1626 1394 vult
1671 1331 1739 1393 in
1784 1331 2062 1412 placite.

523 1555 620 1615 37.
665 1571 748 1582 -—-
801 1541 978 1611 1228,
1067 1535 1156 1600 id.
1245 1536 1334 1600 id.

607 1672 920 1737 Boninus
945 1674 1308 1738 denuntiat
1337 1674 1617 1738 arbitris
1642 1675 1832 1756 quod
1859 1683 2148 1756 paratus

524 1779 672 1830 erat
715 1767 814 1830 ire
858 1787 988 1850 pro
1032 1767 1338 1831 finiendo
1382 1769 1640 1849 placito
1691 1777 1760 1831 et
1801 1768 2149 1830 audienda

523 1861 887 1925 sententia.

522 2072 618 2145 38.
665 2101 745 2116 -
799 2071 977 2142 1228,
1023 2071 1188 2151 sept.
1239 2087 1336 2140 22,
1383 2067 1438 2142 I,
1491 2066 1876 2131 Cremonae.

603 2202 919 2267 Boninus
993 2205 1234 2266 eadem
1295 2204 1544 2268 iterum
1607 2205 1981 2267 denunciat
2043 2225 2145 2267 ar-

519 2298 742 2362 bitris.

520 2521 616 2584 39.
664 2540 740 2550 —
799 2509 976 2578 1228,
1067 2503 1154 2566 id.
1244 2503 1332 2567 id.

601 2639 877 2704 Arbitri
923 2639 1344 2704 confitentur
1389 2642 1578 2724 quod
1634 2644 2030 2706 habuerunt
2074 2643 2143 2706 in

520 2734 897 2817 praeterito
984 2735 1096 2797 die
1181 2745 1545 2816 suspectos
1612 2736 1885 2811 Bonini,
1967 2757 2144 2818 quos

517 2829 728 2891 habet
771 2837 916 2890 tam
961 2829 1048 2890 de
1094 2828 1497 2892 civitatibus
1542 2849 1748 2910 quam
1795 2832 1882 2892 de
1925 2831 2145 2892 homi-

521 2921 748 2986 nibus

1241 3129 1334 3193 id.

609 3266 881 3329 Arbitri
949 3267 1362 3332 denuntiant
1419 3267 1692 3330 Bonino
1751 3278 1820 3332 et
1877 3269 2148 3334 sindico

524 3359 906 3424 Cremonae
965 3362 1157 3444 quod
1221 3362 1279 3424 si
1347 3362 1565 3425 velint
1631 3363 1732 3425 uti
1797 3363 2149 3445 aliquibus

523 3454 1002 3518 instrumentis
1033 3456 1332 3518 debeant
1364 3457 1528 3518 dare
1575 3455 1645 3518 in
1677 3457 1996 3540 sequenti
2036 3458 2148 3520 die

521 3559 681 3614 ante
723 3548 1018 3613 tertiam.

522 3147 618 3207 4ο.
663 3167 748 3178 —-
801 3135 978 3202 1228,
1069 3128 1157 3192 id.

521 3770 606 3828 41.
661 3787 734 3796 -·—
789 3755 965 3822 1228,
1056 3749 1144 3814 id.
1234 3750 1322 3814 id.

607 3887 881 3950 Arbitri
927 3889 1347 3952 denunciant
1391 3890 1658 3954 sindico
1694 3893 1882 3973 quod
1927 3893 1998 3955 in
2045 3913 2147 3955 se-

523 3983 763 4063 quenti
809 3983 922 4046 die
965 3993 1128 4046 ante
1170 3985 1448 4046 tertiam
1493 3987 1612 4048 det
1655 3998 2040 4066 suspectos,

521 4208 618 4268 42.
664 4225 746 4234 —
799 4195 978 4266 1228,
1021 4194 1188 4274 sept.
1236 4211 1334 4269 23,
1382 4191 1438 4265 J,
1493 4192 1877 4256 Cremonae.
1937 4238 1944 4248 .

605 4325 918 4388 Boninus
977 4339 1137 4390 ante
1195 4327 1434 4389 horam
1504 4327 1748 4390 tertiae
1809 4327 1976 4391 dicit
2042 4349 2145 4392 ar-

518 4418 718 4482 bitris
750 4421 939 4501 quod
981 4432 1269 4501 paratus
1313 4431 1462 4484 erat
1494 4421 1593 4484 ire
1636 4440 1766 4503 pro
1797 4423 2147 4486 audienda

519 4513 882 4576 sententia.

517 4739 616 4800 43.
665 4756 745 4766 -—
799 4725 978 4794 1228,
1066 4718 1154 4782 id.
1252 4718 1339 4782 id.

603 4855 796 4918 Ante
840 4855 1114 4918 tertiam
1173 4855 1488 4918 Boninus
1547 4856 1665 4918 dat
1727 4857 1998 4919 notario
2045 4857 2142 4919 in—

519 4960 903 5013 strumenta
949 4949 1204 5031 quibus
1253 4949 1351 5012 uti
1395 4951 1567 5013 vult.

1063 5154 1153 5217 id.
1241 5154 1330 5217 id.

599 5290 913 5354 Boninus
939 5290 1310 5353 denunciat
1337 5289 1616 5352 arbitris
1635 5291 1825 5372 quod
1857 5300 2143 5371 paratus

515 5395 662 5448 erat
693 5385 888 5448 exire
919 5384 1260 5448 Cremona
1288 5403 1418 5465 pro
1447 5383 1754 5447 finiendo
1785 5384 2139 5464 placitum,

516 5490 586 5542 et
631 5479 820 5562 quod
866 5480 1078 5542 dabat
1121 5479 1534 5542 Cremonam
1597 5479 1666 5541 in
1715 5487 2139 5559 suspectum.

516 5177 613 5235 44.
661 5193 744 5202 —-
797 5159 975 5227 1228,

2334 698 2647 761 Boninus
2672 701 2916 763 eadem
2948 701 3312 765 denuntiat
3340 711 3503 783 post
3528 722 3868 784 vesperas.

2248 887 2347 962 46.
2382 921 2455 932 -
2502 891 2679 960 1228,
2724 890 2888 969 sept.
2940 907 3036 966 24,
3085 887 3180 958 II,
3238 887 3621 951 Cremonae.

2334 1021 2649 1085 Boninus
2714 1024 2956 1087 eadem
3024 1023 3274 1088 iterum
3342 1025 3703 1090 denuntiat
3774 1047 3869 1088 ar-

2249 1115 2471 1178 bitris.

2248 1324 2347 1385 47.
2392 1341 2474 1350 -—
2529 1310 2706 1380 1228,
2794 1303 2881 1368 id.
2972 1306 3060 1370 id.

2333 1441 2608 1505 Arbitri
2680 1443 3127 1506 cohadunant
3200 1447 3455 1508 multos
3530 1446 3876 1527 sapientes

2248 1534 2631 1600 Cremonae
2676 1538 2767 1598 ad
2798 1537 3165 1601 consilium
3208 1539 3301 1602 ab
3330 1539 3433 1602 eis
3479 1541 3875 1619 petendum,

2248 1630 2373 1691 sed
2418 1629 2729 1692 sindicus
2759 1629 3142 1694 Cremonae
3174 1631 3344 1695 dicit
3372 1633 3656 1696 arbitris
3688 1636 3877 1714 quod

2249 1743 2387 1786 non
2434 1723 2736 1786 debeant
2780 1725 3161 1804 procedere
3206 1725 3278 1787 in
3322 1736 3547 1788 antea.

2317 1911 2357 1974 ἦ·
2393 1909 2570 1962 Α11110
2621 1907 2911 1962 dominice
2966 1909 3371 1964 incarnationis
3424 1910 3733 1964 millesimo
3781 1912 3882 1964 du-

2244 1985 2561 2038 centesimo
2616 1985 2896 2052 vigesimo
2952 1995 3177 2048 octavo,
3234 1985 3547 2041 indictione
3596 1989 3876 2050 secunda,

2244 2062 2342 2115 die
2376 2063 2625 2128 septimo
2676 2071 2928 2116 exeunte
2980 2063 3331 2130 septembre,
3374 2065 3431 2116 in
3468 2065 3685 2130 palatio
3720 2081 3883 2118 oom-

2246 2139 2437 2192 munis
2472 2141 2781 2201 Cremone,
2810 2141 3097 2206 presentia
3120 2139 3490 2194 dominorum
3530 2143 3581 2194 N
3587 2142 3786 2195 orachi
3810 2143 3880 2194 de

2250 2215 2587 2269 Malumbris
2640 2225 2698 2270 et
2746 2216 3011 2269 Meioroti
3049 2217 3290 2284 Capelli,
3328 2227 3387 2271 et
3422 2218 3689 2271 Anselmi
3728 2220 3883 2271 (31111-

2246 2293 2398 2345 frarii
2434 2304 2492 2347 et
2528 2292 2747 2346 Albrici
2784 2293 2858 2346 de
2896 2294 3089 2357 Bucia,
3137 2293 3370 2347 testium
3408 2294 3487 2347 ibi
3523 2305 3879 2360 rogatorum.

2312 2371 2581 2436 Cumque
2616 2369 2837 2423 domini
2873 2369 3140 2423 Andreas
3178 2369 3475 2424 Mastalius
3501 2380 3559 2424 et
3583 2371 3882 2423 Teboldus

2244 2446 2318 2499 de
2354 2447 2655 2510 Teboldis,
2691 2447 2885 2501 arbitri
2924 2447 3071 2500 inter
3102 2445 3389 2500 Boninum
3424 2447 3500 2500 de
3538 2448 3883 2501 Momolerio

2244 2539 2317 2577 ex
2354 2540 2469 2578 11113
2506 2533 2667 2590 parte
2702 2533 2761 2577 et
2794 2541 2867 2578 ex
2903 2523 3014 2577 alia
3061 2523 3333 2590 Egidium
3369 2523 3445 2577 de
3480 2523 3675 2578 Gadio
3710 2524 3883 2577 sindi-

2244 2615 2375 2654 cum
2400 2600 2725 2654 communis
2742 2600 3298 2662 Cremone,nomine
3326 2599 3505 2666 ipsius
3528 2602 3880 2663 communiS,

2243 2677 2711 2731 cohadunassent
2744 2677 2957 2730 multos
2990 2677 3280 2744 sapientes
3320 2678 3442 2729 sive
3486 2675 3709 2731 iudices
3746 2679 3879 2730 Cre-

2244 2771 2419 2808 mone
2452 2755 2528 2808 ad
2563 2755 2899 2808 conscilium
2938 2756 3010 2808 ab
3044 2753 3129 2806 eis
3156 2753 3477 2820 petendum
3512 2771 3689 2820 super
3726 2755 3875 2807 facto

2244 2832 2433 2898 placiti
2475 2833 2677 2884 Bonini
2715 2831 3102 2897 suprascripti,
3129 2847 3201 2884 an
3224 2831 3565 2884 conscilium
3598 2831 3739 2885 dicti
3764 2833 3882 2898 pla-

2244 2909 2337 2962 citi
2376 2910 2685 2962 haberetur
2738 2909 2795 2962 in
2844 2910 3132 2961 Cremona
3168 2925 3275 2961 nec
3310 2923 3404 2972 ne,
3444 2909 3581 2976 quia
3620 2909 3879 2961 Boninus

2246 2986 2497 3039 habebat
2531 2985 2588 3039 in
2624 2993 2959 3052 suspectum
2998 2985 3262 3038 homines
3298 2985 3589 3038 Cremone
3624 2986 3767 3052 quia
3792 3001 3881 3039 res

2245 3064 2428 3129 tangit
2464 3063 2795 3116 hominibus
2831 3063 3137 3125 Cremone,
3176 3071 3234 3115 et
3268 3061 3314 3114 si
3344 3063 3599 3115 Boninus
3636 3063 3881 3116 deberet

2246 3140 2431 3194 facere
2467 3156 2672 3194 omnes
2718 3155 3002 3205 expensas
3050 3139 3097 3192 si
3148 3138 3369 3192 dictum
3404 3139 3744 3193 conscilium
3784 3141 3881 3192 da-

2246 3227 2403 3272 retur
2436 3226 2597 3272 extra
2631 3217 2921 3270 civitatem
2957 3218 3244 3269 Cremone
3268 3233 3377 3270 nec
3408 3233 3502 3280 ne,
3534 3225 3675 3270 tunc
3712 3233 3883 3270 vene-

2247 3302 2381 3349 runt
2436 3295 2513 3347 ibi
2571 3293 2791 3347 domini
2837 3293 3231 3346 Lanfranchus
3302 3292 3377 3346 de
3432 3294 3881 3348 Multisdenariis

2247 3381 2306 3425 et
2342 3371 2582 3438 Egidius
2617 3371 2870 3424 sindicus
2893 3369 3314 3436 suprascriptus
3333 3377 3392 3422 et
3426 3370 3695 3424 dixerunt
3715 3371 3883 3424 dictis

2247 3448 2498 3501 dominis
2550 3447 2817 3500 Teboldo
2872 3447 2947 3500 de
2998 3446 3276 3499 Teboldis
3334 3455 3393 3499 et
3460 3445 3698 3500 Andr-ee
3764 3449 3881 3500 Ma-

2248 3526 2416 3579 stalio
2453 3525 2613 3592 quod
2666 3541 2783 3577 non
2835 3524 3116 3577 deberent
3168 3523 3483 3590 procedere
3518 3523 3576 3576 in
3610 3534 3788 3577 antea
3824 3526 3879 3577 in

2248 3603 2401 3656 dicta
2437 3619 2609 3656 causa
2666 3601 2771 3654 nisi
2812 3601 3001 3667 primo
3036 3601 3317 3654 haberent
3351 3601 3687 3653 conscilium
3728 3619 3765 3654 a
3802 3603 3883 3653 iu-

2246 3680 2472 3744 dicibus
2523 3677 2849 3732 communis
2902 3679 3190 3730 Cremone
3226 3686 3285 3731 et
3320 3694 3353 3730 a
3388 3677 3769 3743 sapientibuS,
3826 3688 3882 3730 et

2247 3757 2326 3810 ita
2360 3756 2577 3809 dictum
2614 3754 2949 3808 conscilium
2988 3754 3261 3808 remansit
3284 3762 3342 3806 et
3367 3770 3482 3807 non
3516 3753 3573 3807 in
3598 3763 3729 3808 acta
3756 3771 3883 3820 pro-

2246 3833 2417 3887 cessit
2450 3849 2557 3898 pro
2608 3833 2692 3884 eis
2745 3848 2860 3898 que
2913 3831 3183 3885 dixerunt
3234 3831 3604 3896 suprascripti
3656 3832 3881 3884 domini

2248 3910 2599 3964 lanfrancus
2650 3917 2709 3961 et
2744 3909 3003 3974 Egidius,
3058 3909 3197 3975 quia
3230 3907 3521 3974 sapientes
3566 3908 3883 3961 noluerunt

2244 3997 2415 4042 stare.

2314 4093 2356 4156 -Ι-
2393 4091 2520 4156 Ego
2558 4091 2824 4144 Iacomus
2860 4089 3240 4150 Alamannus,
3278 4088 3421 4141 sacri
3450 4087 3672 4154 pallacii
3713 4096 3885 4141 nota-

2246 4169 2382 4232 11113,
2420 4167 2649 4222 interfui
2683 4176 2743 4220 et
2779 4167 2926 4219 hanc
2960 4175 3172 4220 cartam
3200 4175 3436 4232 rogatus
3470 4165 3690 4231 scripsi.

2245 4355 2341 4427 48.
2388 4386 2469 4394 —
2524 4353 2701 4419 1228,
2792 4345 2879 4409 id.
2970 4345 3057 4408 id.

2331 4485 2642 4548 Boninus
2668 4482 3029 4546 denuntiat
3052 4481 3332 4545 arbitris
3358 4483 3548 4564 quod
3571 4483 3881 4544 debeant

2246 4581 2442 4644 exire
2512 4577 2857 4642 Cremona
2918 4590 2987 4640 et
3052 4578 3310 4640 habere
3369 4577 3741 4638 consilium
3812 4589 3880 4636 ct

2245 4674 2444 4737 finire
2490 4673 2845 4755 placitum.

2313 4879 2355 4942 -Ι-
2390 4875 2565 4928 Α11110
2614 4873 2903 4928 dominice
2963 4875 3369 4930 incarnationis
3422 4875 3729 4929 millesimo
3768 4877 3880 4928 du—

2243 4954 2559 5006 centesimo
2607 4952 2896 5017 vigesimo⁴
2948 4961 3173 5016 octav0,
3226 4953 3541 5007 indictione
3595 4953 3873 5010 secunda.

2244 5031 2337 5083 die
2372 5029 2620 5096 septimo
2656 5038 2906 5082 exeunte
2960 5030 3307 5096 septembre,
3353 5031 3409 5102 in
3464 5030 3683 5096 palacio
3722 5046 3879 5082 com-

2244 5107 2435 5160 munis
2468 5107 2778 5168 Cremone,
2816 5107 3105 5172 presentia
3139 5108 3508 5160 dominorum
3558 5104 3765 5159 Marini
3802 5106 3877 5157 de

2246 5184 2519 5238 Iohannis
2555 5192 2613 5236 et
2649 5184 2949 5237 Oldosredi
2984 5185 3059 5237 de
3096 5185 3397 5238 Casamala
3427 5193 3485 5237 et
3524 5186 3573 5236 N
3582 5183 3767 5250 icolay
3802 5183 3877 5233 de

2242 5261 2491 5328 Sydolis,
2530 5262 2761 5314 testium
2802 5261 2879 5314 ibi
2915 5271 3271 5328 rogatorum.

2312 5339 2448 5391 Post
2484 5339 2683 5390 horam
2740 5355 2975 5400 nonam,
3018 5341 3270 5392 Boninus
3307 5339 3381 5392 de
3420 5338 3765 5392 Momolerio
3801 5337 3876 5388 de

2244 5416 2385 5468 Aste
2421 5414 2565 5468 dixit
2600 5424 2659 5468 et
2678 5416 3046 5470 denunc'avit
3067 5416 3307 5469 domino
3332 5417 3568 5468 Andree
3608 5414 3874 5468 Mastalio

2243 5491 2401 5558 quod
2441 5501 2671 5557 paratus
2707 5503 2828 5546 erat
2864 5494 3176 5559 procedere
3204 5494 3258 5546 in
3285 5511 3457 5546 causa
3493 5511 3663 5560 quam
3692 5492 3871 5544 habet
