4050 6109
1058 309 1377 373 147-159.
1425 328 1498 340 -—
1549 306 1626 355 A.
1683 311 2082 371 1311-1312.
2128 326 2209 335 —-
2255 303 2533 355 SECOLO
2579 304 2743 353 XIV.
3473 312 3552 372 23

173 566 294 629 155.
343 583 428 593 -—
485 570 672 627 1312,
741 548 882 614 ian.
947 571 1004 630 3,
1051 552 1144 627 X,
1222 551 1607 617 Cremonae.
1674 551 1828 616 Dal
1923 562 2239 616 cantatae
2314 564 2384 617 et
2455 555 2780 619 venditae
2853 564 3017 617 sunt
3084 574 3213 636 per
3285 554 3553 637 aliquot

251 640 795 719 VVinkelmann,
842 643 1026 709 Acta
1069 645 1228 730 imp.
1261 645 1437 710 ined.
1486 646 1578 721 II,
1634 651 1775 727 769.

247 780 612 845 Iohannes
657 782 746 845 de
791 781 1192 858 Castilione‚
1239 782 1456 845 iudex
1501 792 1572 845 et
1635 782 1818 845 vica-

169 874 310 937 rius
335 874 644 938 Henrici
665 876 806 939 VII
837 876 910 939 in
931 876 1354 939 Lombardia
1385 887 1454 939 et
1483 875 1816 949 Mai-chia,

169 969 388 1031 donat
461 968 847 1033 Passarino
914 971 1002 1032 de
1075 969 1479 1044 BonacosiS,
1555 968 1816 1031 vicario

169 1060 528 1135 Mantuae,
580 1074 838 1127 terram
897 1063 1260 1126 Luzariam
1306 1082 1465 1126 cum
1507 1082 1700 1125 mero
1747 1072 1818 1127 et

169 1156 380 1218 misto
411 1156 718 1239 imperio
762 1167 834 1222 et
863 1157 1083 1240 gladii
1107 1166 1454 1239 potestate
1471 1178 1486 1231 ;
1531 1156 1816 1238 insuper

169 1250 370 1332 eligit
441 1271 608 1314 eum
675 1252 1122 1333 capitaneum
1181 1270 1407 1333 aquae
1471 1250 1679 1324 Padi,
1747 1262 1818 1313 et

167 1344 498 1425 pontium
563 1354 958 1408 castrorum
1004 1354 1074 1408 et
1125 1346 1469 1407 locorum·
1503 1344 1814 1407 omnium

166 1438 366 1518 ripae
391 1438 568 1502 Padi
588 1438 661 1501 in
680 1438 1033 1503 territorio
1063 1437 1466 1513 Cremonae,
1499 1446 1814 1501 statuens

165 1542 236 1593 ut
279 1533 384 1595 de
429 1533 750 1614 qualibet
783 1532 1256 1596 mercadantia
1286 1531 1532 1614 exigat
1573 1536 1736 1615 imp.
1777 1552 1808 1594 2

161 1646 286 1706 pro
357 1626 564 1699 libra,
632 1627 722 1689 de
781 1626 1203 1701 hominibuS,
1271 1626 1473 1707 equis
1539 1634 1608 1688 et
1658 1625 1812 1689 aliis

157 1720 435 1793 bestiis,
483 1721 874 1785 secundum
919 1720 1521 1785 consuetudinem.

158 1944 278 2019 156.
315 1976 401 1987 -
446 1960 606 2019 1312
646 1944 829 2025 (1311
869 1942 1040 2023 ina),
1075 1940 1211 2005 ian.
1249 1960 1302 2023 7,
1329 1940 1391 2005 d.
1426 1941 1810 2007 Cremonae.

241 2034 659 2115 (Cartaceo).

237 2170 515 2233 petitio
561 2170 826 2235 Chechi
871 2173 958 2235 de
1023 2170 1301 2256 Cazago
1366 2171 1812 2235 conestabilis

157 2266 243 2328 ad
267 2263 682 2327 Gufredum
705 2265 1047 2330 vicarium
1063 2265 1446 2330 Cremonae
1470 2285 1598 2349 pro
1615 2266 1814 2349 regia

156 2357 540 2422 maiestate
583 2368 658 2423 et
701 2373 862 2423 octo
907 2360 1258 2442 sapientes
1305 2360 1691 2424 communis
1736 2369 1814 2424 ut

155 2452 294 2515 sibi
353 2450 477 2516 fiat
507 2452 771 2517 solutio
803 2455 890 2517 de
921 2474 1004 2517 eo
1038 2456 1230 2537 quod
1265 2454 1574 2536 recipere
1604 2457 1814 2518 debet

161 2564 296 2627 pro
351 2546 556 2611 soldo
603 2566 734 2611 suo
777 2568 821 2611 a
861 2547 976 2611 die
1035 2568 1112 2612 10
1155 2548 1338 2610 mad.
1383 2549 1522 2611 huc
1568 2568 1810 2631 usque.

161 2789 290 2852 157.
347 2807 458 2875 -.
487 2791 671 2849 1312,
699 2769 872 2875 seor.
918 2774 1016 2874 16,
1042 2771 1135 2847 Is,
1169 2769 1556 2834 Mediolani
1593 2791 1667 2833 zn
1687 2775 1809 2875 pa-

229 2864 525 3117 {aaz
537 2862 1084 3043 ,5023553355222
1125 2956 1810 3043 ..p

318 3058 398 3136 p.
448 3056 774 3116 cartaceO.

245 3188 534 3252 Checus
580 3188 669 3253 de
716 3186 990 3270 Cazago
1046 3186 1407 3253 denuntiat
1463 3190 1811 3253 Monacho

159 3282 716 3366 Quadragesimi
746 3290 816 3344 et
847 3279 1163 3345 Nicollae
1208 3282 1553 3359 Serazani,
1601 3284 1812 3346 abba-

160 3378 356 3440 tibus
414 3376 777 3440 societatis
843 3374 1360 3458 negotiatorum
1413 3375 1810 3449 Mediolani,

165 3490 328 3535 cum
376 3472 638 3533 debeat
681 3469 994 3550 recipere
1040 3488 1085 3530 a
1127 3490 1376 3533 comm.
1431 3470 1813 3535 Cremonae

166 3570 293 3628 600
337 3563 564 3627 libras
590 3563 759 3645 imp.
805 3574 874 3626 et
903 3580 1030 3625 200
1073 3564 1375 3627 florenos
1403 3584 1533 3646 pro
1557 3566 1811 3628 damno

166 3671 234 3722 et
306 3660 692 3732 interesse,
774 3658 966 3741 quod
1009 3660 1098 3723 de
1147 3658 1524 3741 praedictis
1579 3658 1812 3741 provi-

168 3756 380 3817 deant
435 3762 518 3815 ut
581 3752 786 3815 detur
849 3750 986 3816 sibi
1051 3752 1205 3816 laus
1259 3753 1374 3817 vel
1439 3751 1628 3816 aliud
1692 3752 1813 3816 fiat

169 3858 416 3910 contra
459 3846 970 3911 Cremonenses
999 3846 1438 3910 extrinsecos
1482 3854 1553 3909 et
1579 3846 1814 3909 intrin-

173 3962 392 4005 56005.

174 4151 288 4227 158.
336 4182 424 4194 -
483 4165 660 4225 1312,
705 4143 826 4208 inl.
866 4162 962 4219 12,
997 4144 1090 4216 X,
1144 4143 1529 4209 Cremonae.
1577 4144 1811 4209 ASM.

249 4283 368 4347 Ex
413 4283 751 4345 mandato
797 4280 1144 4363 Raynerii
1190 4280 1278 4345 de
1323 4280 1612 4354 Casulis,
1670 4283 1812 4366 epi-

179 4378 366 4461 scopi
389 4377 802 4449 Cremonae,
836 4375 1142 4439 vicarius
1165 4374 1315 4437 eius
1345 4376 1574 4459 iungit
1603 4387 1813 4461 atque

177 4472 580 4554 incorporat
623 4468 1124 4533 monasterium
1155 4468 1226 4532 S.
1257 4470 1521 4533 Mariae
1562 4472 1648 4534 de
1679 4472 1812 4535 Bo-

179 4567 446 4629 schetto
494 4584 660 4627 cum
705 4561 1130 4627 monasterio
1161 4560 1234 4627 S.
1265 4562 1594 4627 Iohannis
1629 4566 1717 4628 de
1747 4566 1813 4627 la

180 4659 372 4742 Pipia
416 4658 830 4723 Cremonae.

255 4754 332 4837 (Il
377 4753 718 4816 mandato
761 4750 876 4814 del
927 4770 1238 4814 vescovo
1283 4750 1322 4815 ὲ
1366 4752 1477 4815 (161
1522 4752 1810 4836 maggio

185 4854 272 4923 28,
317 4846 396 4911 in
440 4866 604 4909 casa
639 4842 724 4908 de
766 4843 1030 4909 Caralis
1058 4842 1484 4909 vulturensz's
1514 4846 1808 4923 a'z'ocesz'S,

180 4962 214 5004 e
269 4942 327 5004 si
379 4942 602 5023 legge
669 4938 787 5001 nel
851 4936 1258 5014 Bonafossa,
1328 4939 1516 5003 Mon.
1585 4939 1808 5005 Crem.

179 5035 358 5099 Eccl.
405 5054 539 5098 ms,
587 5030 658 5098 A
693 5032 766 5107 V,
813 5050 882 5115 p.
935 5031 1096 5114 124).

179 5260 294 5323 159·
339 5278 428 5290 --
482 5260 668 5322 1312,
715 5242 807 5315 X.
861 5240 1248 5307 Cremonae.
1293 5242 1388 5313 D,
1439 5260 1538 5321 92.

253 5382 442 5446 Nota
483 5381 826 5446 tredecim
864 5381 1220 5446 daciorum
1253 5393 1323 5445 et
1351 5382 1806 5465 gabellarum,

181 5496 352 5557 quae
397 5476 767 5539 mensibus
811 5475 1001 5552 iunii,
1047 5474 1196 5538 iulii
1250 5485 1322 5540 et
1365 5476 1650 5559 augusti
1709 5475 1806 5537 in-

1920 666 2215 721 menses,
2260 668 2389 731 per
2441 648 2739 713 iudicem
2799 647 3197 731 generalem
3251 649 3552 730 gabella-

1920 760 2095 817 rum⁴
2120 751 2191 804 et
2232 741 2447 807 totius
2492 742 2819 807 introitus
2858 763 3107 806 comm.
3146 740 3549 807 Cremonae.

1988 946 2055 998 In
2094 948 2325 1002 nomine
2359 947 2581 1003 domini
2618 965 2809 1004 amen.

1987 1023 2295 1079 Millesimo
2343 1026 2751 1081 trecentesimo
2798 1029 3151 1086 duodecimo
3178 1072 3191 1096 ,
3237 1031 3553 1086 indictione

1915 1098 2172 1163 decima,
2222 1101 2430 1157 diebus
2474 1112 2531 1157 et
2576 1106 2875 1161 mensibus
2928 1108 3319 1176 infrascriptiS.
3376 1110 3553 1163 Infra-

1916 1177 2127 1243 scripte
2161 1186 2297 1232 sunt
2330 1179 2555 1245 gabelle
2590 1190 2651 1235 et
2679 1182 2857 1237 'dacia
2904 1186 3193 1240 incantate
3226 1196 3287 1240 et
3320 1186 3554 1240 vendite

1915 1269 2019 1319 per
2053 1255 2375 1321 sapientem
2410 1266 2471 1310 et
2504 1256 2819 1314 discretum
2853 1262 3041 1316 virum
3092 1263 3396 1317 dominum
3441 1264 3553 1317 Co-

1915 1327 2183 1383 radinum
2218 1331 2439 1385 domini
2473 1333 2737 1387 Antolini
2770 1335 2846 1390 de
2894 1337 3159 1391 Piovanis
3200 1338 3275 1392 de
3328 1341 3551 1404 Parma,

1915 1404 2165 1460 iudicem
2199 1409 2531 1473 generalem
2567 1410 2925 1477 gabellarum
2961 1422 3022 1467 61
3063 1414 3241 1469 1011115
3286 1414 3553 1471 introitus

1910 1484 2177 1537 comunis
2210 1486 2519 1549 Cremone,
2558 1487 2937 1543 existentibus
2970 1498 3111 1545 tunc
3158 1493 3544 1557 potestatibus

1913 1567 1973 1612 et
2005 1562 2325 1616 rectoribus
2359 1564 2623 1618 comunis
2656 1566 2948 1620 (2161110116
2992 1567 3244 1623 dominis
3292 1570 3554 1625 Iohanne

1915 1636 2145 1701 Quilico
2192 1637 2267 1692 de
2316 1648 2519 1693 sancto
2562 1641 2754 1696 Vitale
2806 1650 2866 1697 et
2918 1645 3268 1700 Ghirardino
3316 1646 3391 1699 de
3438 1648 3553 1701 En-

1911 1712 2081 1778 pollis
2115 1714 2531 1784 subsequente,
2569 1727 2627 1772 et
2660 1721 2873 1786 scripte
2906 1737 3013 1787 per
3048 1738 3144 1776 me
3180 1724 3550 1779 Albertinum

1912 1788 1987 1842 de
2012 1790 2321 1856 Algarixiis
2346 1794 2633 1849 notarium
2657 1796 2795 1851 dicti
2818 1798 3023 1853 iudicis
3046 1807 3106 1854 et
3128 1799 3281 1854 dicte
3303 1801 3549 1867 gabelle.

1979 1866 2298 1923 Andriolus
2345 1872 2620 1937 Zapatera
2669 1873 2980 1929 incantavit
3012 1876 3109 1929 die
3154 1877 3551 1933 sextodecimo

1913 1942 2053 1997 iunii
2090 1944 2321 1999 dacium
2356 1947 2692 2014 bestiarum,
2730 1950 2949 2006 scilicet
2990 1952 3243 2007 duorum
3289 1954 3553 2009 denario·

1913 2036 2042 2074 rum
2080 2021 2155 2075 de
2206 2022 2469 2090 qualibet
2510 2025 2653 2079 libra
2698 2028 3163 2094 recipiendorum
3211 2048 3247 2084 a
3290 2032 3555 2099 quolibet

1910 2097 2203 2153 vendente
2230 2108 2289 2153 61
2312 2108 2545 2155 emente
2580 2102 2827 2157 bestiam
2850 2104 3126 2173 aliquam,
3156 2108 3206 2160 si
3230 2117 3549 2163 mercatum

1911 2178 2226 2234 1165115111111
2260 2198 2379 2248 que
2410 2182 2737 2237 vendentur
2758 2185 3031 2240 assendat
3051 2202 3241 2255 usque
3264 2188 3339 2243 ad
3365 2205 3547 2257 quan-

1917 2255 2141 2310 titatem
2162 2257 2367 2311 decem
2386 2258 2685 2314 soldorum
2704 2261 2904 2329 imper.
2928 2270 2987 2316 et
3004 2264 3113 2317 1160
3131 2279 3321 2332 usque
3338 2266 3414 2320 ad
3432 2275 3549 2322 tres

1911 2348 2141 2387 menses
2182 2334 2545 2402 incipiendos
2589 2336 2685 2390 die
2730 2338 2955 2392 decima
2998 2341 3245 2407 septIma
3292 2342 3453 2408 iunii,
3492 2353 3551 2399 et

1913 2408 2087 2464 habet
2122 2410 2265 2465 illud
2299 2412 2391 2466 ius
2424 2413 2779 2482 percipiendi
2816 2416 3035 2470 dictum
3068 2417 3303 2472 dacium
3348 2429 3409 2473 61
3450 2438 3548 2487 35-

1911 2485 2123 2541 116115111
2158 2488 2321 2555 quod
2356 2489 2533 2545 habet
2564 2506 2814 2545 comune
2838 2494 3147 2548 Cremone.
3188 2496 3263 2549 Et
3298 2497 3409 2551 hoc
3444 2514 3551 2564 pro

1912 2564 2097 2630 pretio
2130 2566 2367 2631 triginta
2400 2567 2661 2635 quinque
2695 2568 2887 2625 librar.
2914 2570 3121 2638 imper.
3147 2588 3255 2639 pro
3290 2574 3553 2641 quolibet

1911 2656 2133 2707 mense,
2168 2650 2227 2697 et
2260 2643 2437 2698 debet
2470 2644 2696 2699 solvere
2742 2646 2961 2701 dietum
3004 2648 3265 2714 precium
3310 2650 3553 2717 singulis

1911 2716 2079 2773 dictis
2112 2721 2409 2774 mensibus
2443 2722 2933 2791 quandocumque
2968 2724 3248 2792 placuerit
3269 2726 3425 2783 dicto
3448 2729 3551 2783 do-

1913 2794 2072 2848 mino
2106 2797 2401 2852 Coradino
2432 2798 2627 2853 iudici.

1982 2874 2328 2929 Broeaninus
2363 2875 2441 2929 de
2478 2876 2680 2931 Laude
2716 2878 3027 2933 incantavit
3048 2880 3281 2934 dacium
3316 2883 3547 2937 sextarii

1913 2950 2123 3017 platee,
2159 2952 2374 3009 scilicet
2408 2955 2579 3009 unius
2616 2956 2835 3009 denarii
2870 2973 2976 3023 pro
3001 2958 3263 3025 quolibet
3297 2960 3548 3014 sextario

1913 3026 2075 3093 quod
2120 3032 2547 3087 mensurabitur
2582 3034 2640 3088 in
2683 3034 2876 3101 platea
2908 3033 2999 3087 vel
3034 3034 3191 3089 allibi
3236 3052 3425 3103 usque
3470 3038 3546 3091 ad

1912 3120 2014 3157 sex
2052 3121 2299 3171 111611565,
2336 3124 2445 3174 pro
2476 3111 2665 3176 pretio
2700 3112 2901 3177 viginti
2934 3128 3038 3165 sex
3070 3112 3366 3177 librarum,
3404 3130 3551 3181 quo-

1911 3180 2053 3235 libet
2087 3198 2287 3237 mense
2321 3185 2651 3254 incipiendo
2695 3196 2959 3256 tempore
3001 3190 3391 3257 suprascripto
3425 3208 3547 3259 quo

1912 3257 2126 3326 incepit
2158 3260 2346 3315 dictus
2382 3263 2715 3329 AndrioluS,
2757 3273 2814 3319 et
2856 3266 3138 3320 solvendo
3187 3267 3243 3321 in
3293 3268 3550 3335 quolibet

1913 3350 2116 3390 mense
2151 3337 2227 3391 ad
2261 3338 2619 3395 voluntatem
2652 3342 2791 3396 dicti
2827 3342 3052 3397 iudicis·

1981 3412 2231 3468 Gidinus
2266 3415 2341 3467 de
2380 3419 2623 3472 Barbata
2655 3419 2867 3473 eodem
2901 3418 2998 3473 die
3027 3420 3339 3475 incantavit
3362 3437 3548 3489 usque

1912 3488 1987 3541 ad
2005 3506 2109 3543 sex
2128 3507 2359 3546 menses
2375 3492 2607 3547 dacium
2626 3504 3011 3561 masenature,
3024 3496 3239 3551 scilicet
3259 3498 3429 3551 unius
3448 3497 3547 3551 de-

1915 3566 2057 3619 narii
2092 3568 2167 3621 de
2202 3568 2463 3635 quolibet
2496 3572 2745 3625 sextario
2779 3573 2940 3641 quod
2978 3574 3313 3637 macinatur,
3352 3576 3548 3641 precio

1915 3644 2527 3714 quatrigintaquinque
2568 3647 2843 3703 librarum
2895 3651 3098 3717 imper.
3136 3667 3243 3717 pro
3286 3652 3549 3718 quolibet

1916 3736 2117 3774 mense
2150 3723 2432 3777 solvendo
2466 3725 2705 3791 singulis
2742 3728 3039 3783 mensibus
3074 3728 3151 3781 ad
3186 3729 3546 3783 voluntatem

1915 3796 2052 3850 dicti
2088 3798 2291 3853 iudicis
2322 3809 2381 3855 at
2415 3818 2610 3868 supra.

1985 3875 2187 3929 Petrus
2220 3876 2297 3930 de
2332 3878 2555 3932 Gurata
2588 3879 2799 3933 eodem
2836 3881 2931 3934 die
2966 3882 3277 3937 incantavit
3320 3883 3546 3938 datium

1914 3950 2081 4015 panis
2128 3952 2226 4006 lini
2271 3955 2465 4019 precio
2509 3956 2975 4024 vigintiquinque
3018 3958 3291 4013 librarum
3338 3959 3544 4028 imper.

1913 4043 2020 4092 pro
2066 4029 2327 4095 quolibet
2370 4048 2569 4085 mense
2624 4048 2809 4099 usque
2860 4033 2936 4087 ad
2984 4052 3084 4088 sex
3128 4052 3389 4101 111611565,
3436 4038 3548 4091 501-

1915 4104 2107 4158 vendo
2140 4106 2381 4173 singulis
2424 4109 2724 4163 mensibus
2776 4110 3265 4180 quandocumque
3299 4114 3547 4167 voluerit

1912 4180 2103 4235 dictus
2138 4182 2332 4248 iudex,
2368 4192 2427 4239 et
2460 4184 2677 4254 incepit
2710 4186 2805 4241 die
2829 4188 3108 4254 vigesima
3139 4189 3385 4256 septima
3408 4190 3543 4245 dieti

1915 4274 2149 4313 mens1s.

1909 4364 1942 4391 ο
1985 4338 2060 4389 Ε1
2094 4336 2169 4391 (16
2203 4338 2475 4403 predictis
2508 4342 2781 4395 omnibus
2814 4340 3056 4408 gabellis
3086 4350 3175 4396 est
3209 4344 3544 4409 pubblicum

1913 4414 2380 4479 instrumentum,
2400 4417 2673 4484 scriptum
2694 4434 2868 4471 manu
2891 4419 3235 4473 Manfredini
3252 4419 3328 4472 de
3354 4420 3545 4473 Calvis

1915 4492 2119 4545 notarii
2161 4492 2391 4558 gabelle
2437 4501 2575 4547 tunc
2610 4495 2907 4549 existentis
2943 4496 3077 4552 dicti
3114 4496 3335 4550 domini
3370 4498 3544 4551 Cora-

1915 4568 2034 4621 dini
2070 4569 2295 4624 iudicis.

1981 4645 2230 4701 Gidinus
2274 4646 2350 4701 de
2395 4649 2641 4703 Barbata
2688 4648 2894 4703 vicinie
2937 4650 3118 4703 sancti
3162 4650 3411 4704 Victoris
3460 4651 3545 4705 in-

1912 4725 2165 4778 cantavit
2205 4724 2301 4778 die
2344 4726 2608 4780 mercurii
2645 4727 2850 4793 quinto
2893 4726 3045 4790 iulii,
3083 4728 3412 4794 incepturus
3448 4729 3545 4782 die

1911 4800 2197 4868 sequenti,
2234 4800 2521 4867 gabellam
2566 4818 2669 4857 seu
2714 4804 2945 4857 dacium
2990 4804 3396 4859 mercadandie
3438 4806 3545 4859 sci-

1910 4877 2044 4931 licet
2076 4894 2247 4945 casey
2279 4878 2435 4944 grosi
2470 4878 2635 4933 salati
2687 4880 2861 4947 plani,
2898 4880 3049 4944 lane,
3103 4881 3241 4945 vini,
3284 4884 3543 4937 carnium

1911 4956 2242 5018 salatarum,
2289 4964 2631 5022 accepturus
2680 4957 2757 5010 de
2800 4958 3057 5024 qualibet
3100 4958 3247 5013 libra
3289 4969 3543 5027 quatuor

1914 5032 2117 5097 imper.
2157 5032 2373 5085 scilicet
2407 5033 2526 5086 duo
2551 5034 2623 5086 ab
2650 5043 2911 5101 emptore
2933 5042 2993 5088 et
3015 5034 3135 5089 duo
3160 5054 3195 5089 a
3218 5036 3539 5102 venditore,

1914 5125 2101 5175 usque
2123 5108 2199 5161 ad
2223 5125 2325 5162 sex
2350 5126 2600 5175 111611565,
2627 5120 2685 5164 61
2709 5111 2903 5177 precio
2925 5128 3033 5178 pro
3057 5113 3318 5179 quolibet
3342 5131 3545 5169 mense

1911 5185 2111 5251 viginti
2136 5203 2347 5241 novem
2369 5187 2645 5242 librarum
2670 5188 2869 5255 imper.
2898 5198 2957 5243 et
2979 5188 3237 5255 dimidie,
3262 5191 3543 5246 solvendo

1909 5262 2151 5330 singulis
2187 5265 2483 5317 mensibus
2518 5266 2593 5317 ad
2627 5266 2983 5320 voluntatem
3019 5267 3155 5320 dicti
3201 5266 3422 5332 iudicis,
3462 5269 3545 5323 in-

1911 5340 2205 5405 teligendo
2260 5341 2423 5407 quod
2475 5342 2659 5407 possit
2709 5342 2939 5409 exigere
2999 5361 3034 5397 a
3089 5342 3349 5410 quolibet
3408 5361 3545 5399 ven-

1909 5416 2087 5470 dente
2122 5426 2181 5470 et
2226 5426 2457 5472 emente
2490 5418 2691 5471 vinum
2736 5419 2793 5474 in
2835 5420 3080 5485 civitate,
3134 5420 3331 5487 burgis
3378 5429 3437 5475 et
3482 5423 3541 5476 in

1911 5492 2209 5548 clausuris·
