4050 6109
1063 300 1560 352 PROVVISIONI
1603 301 1857 350 DELLA
1903 301 2259 351 GABELLA
2307 303 2587 352 MAGNA

161 567 232 624 50
257 544 524 606 modios
557 543 726 606 salis
763 545 852 606 ad
883 544 1112 606 minus
1136 553 1204 605 et
1235 543 1434 613 ultra,
1467 551 1616 604 toto
1649 562 1778 605 suo

159 659 368 720 posse.
412 635 592 700 Item
642 639 836 720 quod
881 635 1004 700 fiat
1049 637 1308 699 revisio
1340 638 1427 699 de
1456 636 1776 716 impostis

158 731 324 794 salis.
368 731 550 794 Item
597 731 792 812 quod
842 740 1070 794 terrae
1132 729 1488 794 districtus
1515 777 1528 802 ,
1598 749 1778 811 quae

157 845 278 888 non
333 834 765 905 acceperunt
827 826 1046 888 salem
1107 845 1148 886 a
1204 825 1343 886 kal.
1391 834 1525 886 oct.
1573 842 1776 903 prox.

153 918 530 1000 praeteritis
591 927 781 981 retro
802 964 817 987 ‚
877 918 1152 999 possint
1209 937 1367 980 eum
1425 917 1776 997 accipere,

155 1013 478 1075 solvendo
527 1033 610 1075 20
655 1012 897 1074 soldo's
935 1031 1063 1094 pro
1099 1011 1412 1093 quolibet
1448 1010 1777 1084 sextari0,

155 1125 358 1187 usque
389 1106 485 1167 ad
515 1105 956 1167 voluntatem
988 1105 1340 1167 abbatum.
1377 1104 1554 1166 Item
1587 1103 1777 1185 quod

153 1199 545 1280 capitaneus
591 1207 914 1262 teneatur
957 1197 1138 1260 infra
1185 1203 1220 1259 8
1281 1187 1430 1260 dies
1489 1196 1780 1279 exigere

152 1312 373 1355 omnes
421 1291 1048 1354 condemnationes
1093 1290 1314 1354 factas
1345 1301 1589 1354 contra
1618 1310 1778 1353 con-

151 1387 472 1448 ducentes
518 1405 740 1465 penas
786 1396 991 1448 extra
1036 1384 1448 1454 districtum,
1483 1403 1777 1466 quarum

151 1479 448 1560 precium
481 1479 695 1541 debet
727 1479 878 1540 sine
915 1479 1152 1560 aliqua
1188 1478 1595 1540 condicione
1624 1497 1777 1558 per-

153 1572 376 1634 venire
422 1572 496 1633 in
544 1571 916 1655 gabellam.

147 1803 244 1860 181.
288 1833 369 1846 --
432 1800 614 1875 1306,
665 1795 793 1859 dec.
847 1817 946 1869 20,
990 1797 1063 1866 V.
1097 1795 1140 1858 l.
1171 1802 1380 1880 super
1411 1795 1600 1858 domo
1623 1792 1775 1878 gab.

229 1891 623 1954 Cremonae.
683 1891 748 1964 C,
806 1911 942 1971 177.

215 2026 544 2089 Provisio
613 2025 935 2108 gabellae
1003 2037 1244 2088 contra
1302 2025 1778 2087 conducentes

143 2139 394 2200 pennas
445 2129 520 2182 et
564 2133 836 2182 ceteras
889 2119 1061 2180 alias
1117 2118 1620 2181 mercatandias
1657 2137 1777 2179 ex-

143 2227 238 2275 tra
276 2213 648 2276 civitatem
695 2224 764 2277 et
811 2211 1224 2275 districtum.
1255 2211 1431 2273 Item
1468 2211 1659 2292 quod
1689 2211 1776 2273 de

143 2307 444 2387 qualibet
490 2308 744 2371 bozola
789 2306 936 2368 vini
982 2304 1248 2368 venditi
1296 2306 1384 2367 ad
1429 2305 1774 2366 minutum

144 2399 208 2462 in
249 2399 539 2466 civitate
585 2411 656 2463 et
701 2400 1024 2462 districtu
1074 2419 1105 2460 2
1157 2399 1393 2462 untiae
1439 2399 1525 2460 de
1565 2419 1638 2478 14
1671 2417 1775 2460 re-

143 2494 522 2566 tineantur,
579 2512 875 2575 quarum
921 2491 1232 2573 precium
1277 2491 1641 2572 perveniat
1683 2492 1777 2554 ad

142 2587 484 2668 gabellam
531 2607 664 2650 nec
711 2586 964 2649 debeat
995 2586 1301 2666 expendi
1333 2585 1466 2648 nisi
1498 2604 1628 2665 pro
1659 2586 1774 2647 de·

143 2679 450 2743 fensione
516 2679 830 2743 civitatis
889 2688 959 2742 et
1003 2679 1360 2741 districtus
1406 2690 1474 2741 et
1518 2678 1588 2740 in
1635 2699 1773 2741 ser-

145 2773 311 2835 vicio
357 2773 748 2836 amicorum
793 2777 883 2856 (v.
932 2794 992 2835 a.
1049 2792 1229 2850 1304,
1265 2792 1410 2853 apr.
1452 2773 1573 2852 26).
1598 2773 1774 2836 Item

143 2869 318 2948 quod
363 2867 739 2930 Nicolinus
800 2868 888 2929 de
942 2867 1242 2929 Paterno
1302 2867 1553 2928 debeat
1611 2887 1773 2928 ven-

143 2961 289 3022 dere
346 2961 678 3042 gabellae
736 2971 1091 3023 terrenum
1153 2959 1358 3022 unius
1406 2960 1657 3022 domus
1702 2961 1774 3022 in

143 3053 386 3116 vicinia
433 3055 509 3117 S.
554 3053 776 3126 Pauli,
823 3055 1009 3135 quod
1059 3054 1130 3116 in
1159 3066 1500 3135 perpetuo
1534 3065 1773 3116 votum

139 3162 198 3209 et
250 3147 672 3230 expeditum
732 3149 941 3210 debet
991 3167 1348 3210 remanere
1420 3158 1496 3209 ut
1555 3157 1774 3210 strata

141 3242 427 3324 amplior
474 3242 587 3304 sit.

139 3470 245 3528 182.
291 3502 375 3512 —
432 3484 592 3544 1307
644 3467 836 3548 (1300
882 3461 1054 3544 ina),
1077 3460 1268 3547 febr.
1319 3467 1418 3537 28,
1475 3462 1548 3536 V,
1581 3461 1624 3525 l.
1655 3483 1770 3524 su-

199 3565 331 3642 per
375 3557 576 3620 domo
612 3556 770 3641 gab.
822 3556 1210 3621 Cremonae.
1264 3555 1334 3630 C,
1389 3561 1524 3636 178.

209 3694 538 3757 Provisio
585 3693 912 3775 gabellae
955 3711 1082 3772 per
1142 3713 1348 3774 quam
1412 3712 1492 3773 50
1551 3692 1773 3755 librae

137 3787 286 3869 imp.
329 3787 848 3869 promittuntur
901 3785 1000 3849 illi
1055 3787 1176 3869 qui
1222 3786 1772 3850 manifestaverit

137 3884 518 3944 scelerosos
563 3879 1051 3942 malefactores
1099 3890 1168 3943 et
1211 3880 1584 3961 pestiferos
1647 3879 1768 3963 qui

137 3974 564 4038 clandestine
607 3993 737 4054 per
781 3973 1123 4036 fenestras
1169 3975 1417 4036 domus
1451 3975 1770 4056 gabellae

139 4080 478 4132 nocturno
539 4079 858 4149 tempore
915 4067 1352 4130 intraverunt
1410 4078 1479 4129 et
1529 4067 1768 4130 fractis

137 4162 372 4226 hostiis
449 4171 520 4224 et
583 4161 812 4242 ruptis
871 4159 1197 4223 cantariis
1266 4171 1336 4223 et
1408 4161 1766 4224 seraturiis

137 4256 562 4318 scrineorum
651 4265 722 4318 et
794 4253 1250 4316 armariorum
1330 4254 1768 4317 abstulerunt

135 4349 338 4412 libros
387 4351 784 4430 scripturas
847 4357 917 4412 et
973 4348 1352 4430 privilegia
1410 4348 1763 4428 gabellae;

139 4445 238 4504 vel
267 4444 372 4506 illi
407 4441 956 4516 malefactorum,
990 4461 1147 4504 cum
1179 4441 1609 4523 impunitate,
1646 4441 1764 4523 qui

137 4537 356 4600 socios
407 4556 576 4599 suos
622 4534 1192 4597 manifestaverit.

133 4762 242 4835 183.
291 4793 372 4804 --
435 4777 614 4837 1307,
662 4755 752 4818 id.
798 4753 887 4818 id.
945 4756 1011 4828 C,
1067 4776 1204 4836 179.

202 4894 534 4957 Provisio
579 4892 792 4956 officii
838 4893 1160 4974 gabellae
1206 4913 1416 4974 super
1461 4891 1662 4956 dacio
1695 4901 1765 4955 et

131 4989 400 5068 pedalio
443 4988 790 5050 solvendo
822 5005 1211 5068 pannorum
1245 4988 1330 5049 de
1361 4985 1656 5048 Francia
1692 4998 1764 5049 et

133 5083 208 5144 de
253 5081 804 5146 ultramontibus
850 5093 920 5143 et
965 5082 1052 5142 de
1096 5080 1495 5142 Mediolano
1541 5088 1610 5142 et
1645 5082 1763 5143 ha-

131 5175 436 5240 bentium
483 5174 1034 5246 similitudinem,
1080 5184 1150 5237 et
1195 5173 1394 5237 dacio
1425 5172 1630 5237 bonae
1661 5193 1763 5236 ro-

132 5266 248 5344 bae,
292 5290 430 5351 pro
459 5290 604 5352 qua
633 5269 1116 5352 intelligantur
1144 5277 1312 5339 seta,
1344 5268 1764 5331 laborerium

131 5375 326 5434 setae,
379 5363 584 5444 drapi
631 5362 846 5434 aurei,
893 5373 1026 5426 ete.
1072 5373 1141 5424 et
1187 5381 1430 5424 omnes
1462 5362 1766 5424 mercha·

130 5456 420 5520 dandiae
463 5476 647 5540 quae
694 5475 836 5519 non
865 5455 1393 5518 nominarentur
1423 5474 1552 5535 per
1588 5473 1762 5516 mer-

3391 311 3519 372 155²

1876 551 2175 718 amores)
2222 565 2345 609 seu
2410 548 2894 631 spedigatores
2980 554 3090 633 (v.
3177 573 3236 615 a.

1925 655 2027 699 ee.
2074 657 2149 717 27
2182 687 2195 701 .

3326 574 3519 634 ¹305r

1947 831 2328 898 Congregatis
2385 835 2691 890 abbatibus
2749 847 2809 892 et
2864 839 3222 905 sapientibus
3280 843 3507 908 gabelle

1879 925 2089 974 magne
2126 925 2299 976 super
2331 910 2511 965 domo
2545 911 2697 966 dicte
2719 915 2965 980 gabelle,
3004 933 3166 970 more
3190 917 3379 980 solit0,
3408 919 3517 986 qui.¹

1877 993 2043 1039 erant
2090 1002 2333 1040 numero
2362 989 2561 1054 viginti
2596 1005 2697 1044 sex
2717 1029 2730 1052 ,
2769 991 2919 1046 sacto
2971 994 3179 1059 partito
3224 995 3371 1048 inter
3406 1011 3509 1048 eos

1875 1078 1981 1128 per
2019 1065 2093 1114 D.
2130 1063 2502 1118 Zanebonum
2551 1067 2626 1118 de
2671 1067 2945 1135 Stanghis
2980 1069 3251 1124 abbatem
3303 1088 3407 1138 pro
3444 1087 3507 1125 se

1879 1147 1937 1192 et
1970 1139 2140 1192 sociis
2176 1139 2249 1192 ad
2287 1141 2519 1194 busolas
2562 1151 2621 1196 et
2655 1143 2949 1208 ballottaS,
2989 1145 3203 1212 placuit
3236 1147 3519 1202 omnibus-

1878 1215 2031 1268 dicte
2081 1216 2309 1282 gabelle
2360 1226 2643 1283 ponentes
2695 1221 2963 1274 ballottas
2998 1238 3133 1276 suas
3180 1224 3235 1276 in
3274 1225 3509 1278 bussola

1877 1293 2137 1346 vermilia
2181 1309 2296 1360 que
2342 1296 2661 1360 aprobabat
2697 1296 3053 1364 infrascripta
3100 1300 3220 1353 fieri
3270 1301 3512 1356 debere.

1877 1369 2163 1423 Videlicet
2196 1386 2329 1423 cum
2366 1371 2545 1426 multe
2570 1373 2800 1427 fraudes
2825 1376 2899 1428 ab
2926 1376 3059 1428 hinc
3082 1384 3235 1430 retro
3259 1378 3507 1432 comisse

1877 1445 1990 1499 sint
2028 1445 2085 1498 in
2118 1446 2466 1502 detrimento
2502 1456 2561 1502 et
2584 1449 2967 1505 diminutione
2994 1453 3275 1520 introytus
3300 1462 3358 1506 et
3380 1471 3509 1520 pro-

1877 1531 2084 1576 ventus
2117 1523 2363 1590 gabelle,
2400 1534 2459 1578 et
2493 1525 2564 1578 ad
2605 1526 2714 1580 hoc
2750 1536 2814 1581 ut
2848 1528 3103 1594 predicte
3139 1529 3369 1584 fraudes
3394 1532 3509 1584 evi-

1876 1608 2071 1652 tentur
2104 1608 2164 1653 et
2199 1600 2320 1654 fieri
2358 1617 2473 1654 non
2502 1602 2726 1668 possint
2758 1621 2793 1656 a
2828 1605 3027 1666 mode,
3064 1615 3389 1660 statuerunt
3418 1623 3513 1661 or-

1877 1675 2221 1730 dinaverunt
2271 1685 2330 1730 et
2380 1679 2776 1743 providerunt,
2826 1697 2931 1746 pro
2983 1685 3507 1748 augumentacione

1877 1752 2209 1806 reddituum
2244 1754 2469 1820 gabelle
2504 1764 2562 1808 et
2596 1772 2701 1822 pro
2735 1760 3181 1812 conservacione
3214 1761 3367 1815 dicte
3401 1778 3511 1830 gaf

1877 1828 2048 1890 belle,
2086 1829 2244 1897 quod
2282 1831 2541 1898 quelibet
2573 1848 2737 1886 soma
2784 1849 3108 1900 pannorum
3154 1837 3229 1889 de
3267 1839 3509 1891 Francia

1877 1915 1935 1958 et
1970 1905 2047 1959 de
2082 1907 2229 1960 ultra
2264 1909 2559 1961 montibus
2595 1917 2655 1963 et
2688 1909 2763 1962 de
2802 1910 3153 1976 MediolanO,
3192 1923 3251 1968 et
3286 1914 3508 1968 haben-

1877 1983 2021 2036 tium
2058 1983 2491 2038 similitudinem
2522 2003 2653 2039 cum
2678 1987 2873 2053 drapis
2897 1989 3427 2044 mediolanensibus
3450 2001 3508 2046 et

1876 2058 1951 2112 de
2004 2060 2151 2114 ultra
2205 2061 2518 2122 montibuS,
2557 2063 2740 2116 solvat
2787 2080 2894 2130 pro
2948 2066 3178 2132 pedalio
3231 2067 3398 2120 dacio
3449 2077 3507 2122 et

1875 2137 2103 2203 gabella
2148 2137 2352 2191 decem
2400 2139 2596 2193 soldos
2650 2139 2849 2207 imper.
2894 2151 3229 2208 computato
3274 2145 3509 2210 pedalio
3574 2201 3577 2206 ,

1877 2213 2089 2278 pontis.
2130 2215 2201 2267 Et
2236 2214 2346 2268 hoc
2382 2224 2446 2268 ut
2474 2224 2753 2282 augeatur
2778 2218 3059 2286 introytus
3092 2220 3338 2286 gabelle,
3374 2239 3507 2274 cum

1876 2305 2079 2355 parum
2117 2299 2175 2343 et
2209 2291 2375 2357 quasi
2412 2291 2583 2346 nichil
2620 2293 2751 2346 hinc
2777 2303 2928 2347 retro
2964 2307 3299 2361 perceptum
3336 2298 3409 2350 sit
3430 2298 3507 2352 de

1877 2365 2071 2430 drapis
2106 2366 2179 2419 de
2217 2368 2363 2420 ultra
2400 2369 2713 2431 montibuS,
2751 2371 2854 2423 sed
2890 2371 3197 2426 solomodo
3232 2390 3335 2426 sex
3356 2373 3505 2428 soldi

1875 2441 2080 2508 imper.
2119 2443 2194 2496 de
2218 2459 2382 2497 soma
2408 2461 2733 2511 pannorum
2762 2448 3280 2502 mediolanensium
3306 2467 3508 2505 secun-

1875 2519 2016 2572 dum
2053 2529 2277 2574 veteres
2311 2522 2688 2588 provisioneS.
2934 2531 2937 2534 ’

1943 2597 2093 2650 Item
2128 2597 2539 2652 ordinaverunt
2572 2609 2631 2654 et
2664 2601 3037 2666 providerunt
3061 2618 3167 2669 pro
3190 2613 3507 2670 augmento

1876 2672 2207 2726 reddituum
2241 2674 2469 2740 gabelle
2503 2684 2562 2729 et
2596 2692 2700 2742 pro
2732 2679 3168 2732 conservatione
3203 2688 3261 2732 et
3297 2697 3507 2733 manu-—

1873 2750 2131 2804 tentione
2166 2751 2429 2804 comunis
2466 2753 2753 2806 Cremone
2788 2764 2847 2807 et
2881 2754 3033 2808 dicte
3069 2755 3307 2820 gabelle,
3343 2758 3503 2823 quod

1874 2824 1948 2878 de
1985 2825 2242 2893 qualibet
2276 2828 2429 2881 bona
2466 2830 2607 2882 roba
2642 2830 2895 2883 solvatur
2931 2830 3005 2884 de
3041 2832 3301 2898 qualibet
3334 2849 3499 2888 soma

1873 2903 2072 2968 viginti
2109 2904 2307 2956 soldos
2340 2905 2545 2971 imper.
2583 2913 2641 2960 et
2666 2906 2975 2960 extimetur
2996 2924 3161 2962 soma
3188 2909 3243 2962 in
3270 2919 3503 2964 centum

1873 2977 2046 3032 libras
2082 2980 2405 3046 imperiales
2440 2991 2499 3036 et
2534 2999 2650 3036 non
2687 2983 2836 3048 plus,
2876 2993 2934 3037 et
2966 2985 3315 3050 intelligatur
3348 2987 3503 3040 bona

1874 3057 2015 3109 roba
2068 3066 2208 3122 seta,
2245 3059 2591 3113 laborerium
2642 3069 2783 3123 sete,
2820 3060 3064 3127 quilibet
3114 3061 3278 3128 drapi
3322 3063 3501 3125 aurei,

1873 3134 2185 3196 zafranum,
2222 3151 2420 3200 grana,
2476 3136 2717 3199 zendali,
2762 3137 2939 3205 vayri,
2994 3148 3053 3191 et
3108 3139 3299 3193 omnis
3348 3157 3504 3194 mer-

1873 3210 2157 3264 cadandia
2191 3228 2307 3279 que
2344 3228 2447 3277 per
2470 3220 2815 3266 mercatores
2842 3231 2945 3268 seu
2982 3230 3084 3280 per
3108 3216 3507 3282 spedigatores

1873 3303 1988 3341 non
2023 3287 2481 3350 nominarentur.
2523 3290 2595 3342 Et
2644 3290 2755 3344 hoc
2797 3289 2869 3344 ad
2919 3291 3217 3346 evitandas
3270 3293 3502 3347 fraudes

1872 3365 2171 3420 cuiusdam
2208 3365 2590 3431 provvisionis
2626 3367 2862 3435 antique
2914 3367 2967 3420 in
3016 3385 3131 3435 qua
3174 3370 3501 3424 continetur

1873 3442 2033 3509 quod
2070 3441 2145 3494 de
2188 3457 2354 3496 soma
2404 3443 2557 3496 bone
2610 3445 2753 3497 ro'be
2796 3445 3093 3499 solvantur
3134 3462 3346 3500 novem
3394 3463 3499 3500 seu

1873 3518 2141 3572 undecim
2182 3519 2331 3572 soldi
2380 3520 2583 3586 imper.
2631 3529 2885 3586 pretestu
2930 3521 3093 3575 cuius
3140 3539 3345 3577 omnes
3377 3540 3503 3590 pre-

1869 3594 2023 3648 dicte
2060 3611 2150 3648 res
2184 3596 2657 3661 expediebantur,
2697 3597 2857 3650 salvo
2898 3597 3058 3664 quod
3097 3599 3501 3653 nichilominus

1870 3670 2004 3724 dicti
2028 3680 2374 3726 mercatores
2392 3689 2497 3726 seu
2523 3673 2896 3739 expedientes
2919 3674 3101 3728 dictas
3120 3675 3304 3729 bonas
3328 3677 3502 3729 robas

1869 3757 2173 3802 teneantur
2222 3749 2446 3803 solvere
2498 3750 2646 3803 duos
2699 3750 2967 3804 denarios
3012 3751 3085 3805 de
3140 3753 3303 3812 libra,
3341 3754 3502 3806 salvo

1869 3826 2029 3892 quod
2067 3827 2113 3878 si
2146 3826 2220 3880 de
2255 3826 2512 3892 predicta
2548 3828 2701 3880 bona
2736 3828 2877 3880 roba
2900 3838 2958 3882 et
2994 3829 3166 3882 rebus
3201 3829 3331 3896 plus
3355 3831 3498 3883 solvi

1868 3901 2047 3956 debet
2079 3919 2182 3970 per
2218 3903 2441 3969 aliquas
2474 3903 2615 3957 alias
2650 3904 3038 3969 provisione5‚
3076 3905 3239 3972 quod
3275 3907 3359 3958 eis
3402 3906 3501 3960 de-

1869 3989 2135 4046 rogatum
2174 3995 2290 4032 non
2328 3980 2400 4032 sit
2435 3989 2524 4035 set
2572 3979 2627 4033 in
2664 3996 2773 4034 suo
2816 3989 2964 4034 statu
3018 3993 3395 4048 permaneant
3440 3993 3499 4036 et

1866 4057 2189 4110 secundum
2225 4057 2311 4109 eis
2344 4057 2619 4111 solvatur.

1937 4133 2047 4186 Die
2095 4132 2290 4186 martis
2340 4134 2542 4188 ultimo
2596 4134 2865 4189 februarii
2900 4135 3046 4188 lecte
3100 4143 3158 4188 et
3210 4137 3500 4202 publicate

1865 4209 2098 4264 fuerunt
2134 4209 2285 4263 dicte
2319 4211 2677 4276 provisiones
2713 4227 2815 4277 per
2857 4227 2951 4264 me
3004 4211 3378 4265 Riboldinum
3424 4213 3501 4266 de

1868 4287 2156 4353 Magistris
2192 4287 2511 4354 notarium,
2547 4287 2603 4340 in
2654 4287 2895 4340 consilio
2946 4289 3095 4341 dicte
3132 4289 3358 4354 gabelle
3399 4305 3501 4343 co-
3534 4338 3541 4348 ,

1865 4381 1986 4416 ram
2025 4364 2331 4418 habetibus
2366 4372 2425 4417 et
2444 4365 2798 4430 sapientibus
2827 4365 3053 4432 gabelle
3089 4364 3352 4419 eiusdem
3376 4368 3503 4420 exi—

1862 4441 2147 4494 stentibus
2183 4457 2357 4508 super
2392 4441 2570 4494 domo
2604 4442 2757 4494 dicte
2790 4441 3036 4507 gabelle.

1862 4666 1988 4740 184.
2034 4699 2119 4709 —
2174 4683 2327 4742 1307
2376 4665 2565 4744 (1306
2613 4660 2783 4742 ina),
2834 4666 3034 4725 mart.
3086 4683 3141 4740 3,
3202 4663 3274 4736 1⁷,
3307 4661 3350 4726 l.
3381 4684 3494 4726 su·
3578 4687 3583 4694 ·

1935 4764 2070 4840 per
2115 4755 2304 4819 domo
2340 4756 2491 4840 gab.
2544 4756 2929 4820 Cremonae.
2976 4756 3047 4831 C,
3104 4761 3240 4820 180.

1946 4892 2271 4956 Provisio
2358 4894 2677 4976 gabellae
2776 4894 2867 4956 ad
2946 4892 3494 4956 confirmandam

1862 4989 2233 5069 quamdam
2280 4987 2759 5068 provisionem
2814 5007 2992 5068 1291,
3040 5008 3247 5051 marc.
3286 5003 3387 5058 IV,
3424 4999 3495 5051 et

1860 5080 2065 5143 aliam
2125 5081 2606 5162 posteriorem,
2652 5082 2843 5162 quod
2900 5101 3143 5144 omnes
3200 5082 3357 5145 lites
3424 5094 3495 5146 et

1861 5175 2379 5237 controversiae
2427 5194 2584 5237 cum
2629 5176 2907 5256 gabella
2952 5184 3021 5237 et
3050 5176 3497 5256 quaestiones

1861 5268 1952 5329 ad
1976 5267 2201 5347 ipsam
2230 5267 2659 5348 pertinentes
2684 5269 2986 5331 debeant
3012 5270 3498 5332 tantummode

1860 5359 2110 5443 peragi
2155 5371 2224 5422 et
2265 5361 2619 5424 terminari
2663 5362 2975 5424 breviter
3006 5375 3076 5423 et
3120 5363 3495 5426 summarie

1860 5473 1987 5536 per
2050 5455 2339 5517 abbates
2400 5465 2471 5518 et
2531 5455 2917 5538 sapienteS,
2979 5465 3048 5518 et
3111 5457 3495 5520 sententiae
