4050 6109
1091 338 1588 390 PROVVISIONI
1634 338 1890 388 DELLA
1935 337 2291 390 GABELLA
2336 341 2619 392 MAGNA

3418 353 3529 414 ¹51

167 583 306 645 bris
365 583 614 666 imper.
671 604 805 665 pro
859 582 1167 656 consiliO,
1212 593 1283 646 et
1327 583 1414 644 de
1458 601 1542 661 40
1585 581 1803 644 soldis
1901 607 2042 644 num
2077 591 2153 644 de
2204 592 2521 658 Mozanega
2572 622 2641 632 —
2692 593 3007 648 Cabrinum
3064 596 3141 649 de
3178 597 3414 652 Foliatis
3464 628 3537 638 -—-

161 677 402 759 imper.
451 679 732 741 duobus
777 677 1142 741 advocatis
1187 676 1509 760 gabellae
1541 677 1645 758 (1).

165 909 283 971 ¹59·
327 849 611 969 —13o5,
672 895 822 974 apr.
886 909 983 969 27,
1040 888 1178 962 III,
1237 887 1280 951 l.
1338 893 1549 972 super
1609 885 1800 948 domo

237 981 548 1066 gabellae
598 982 990 1047 Cremonae.
1047 981 1114 1056 C,
1169 1001 1306 1062 157.

239 1119 571 1184 Provisio
602 1119 816 1183 officii
846 1119 1166 1203 gabellae
1197 1137 1408 1200 super
1449 1115 1648 1180 libris
1691 1115 1804 1178 fa-

162 1213 430 1276 ciendis
463 1213 536 1276 in
566 1214 826 1297 quibus
849 1213 1177 1276 introitus
1202 1222 1271 1275 et
1297 1229 1652 1293 expensae
1683 1229 1803 1293 ga-

164 1307 384 1370 bellae
447 1326 754 1390 magnae
820 1316 1182 1388 portarum
1240 1303 1568 1370 Omnium
1630 1303 1803 1366 San-

161 1411 436 1464 ctorum
483 1411 556 1464 et
597 1399 671 1462 S.
717 1400 953 1464 Lucae
1009 1409 1080 1462 et
1131 1398 1452 1480 pontium
1502 1397 1678 1460 Padi
1733 1407 1806 1458 et

163 1494 424 1556 Doxoli
455 1494 877 1567 scribantur,
903 1512 1117 1575 super
1139 1491 1418 1555 racione
1447 1491 1805 1553 reddenda

163 1607 283 1668 per
317 1587 726 1658 massarios,
759 1600 831 1649 et
873 1605 1087 1668 super
1131 1584 1462 1666 expensis
1507 1581 1803 1646 solucio-

161 1681 363 1744 nibus
409 1690 483 1744 et
527 1680 1055 1762 receptionibus
1086 1677 1422 1743 faciendis
1465 1679 1551 1740 de
1600 1677 1804 1740 dictis

164 1773 592 1838 introitibus,

161 1992 280 2050 160.
327 2024 414 2033 —
470 2005 655 2066 1305,
703 1983 882 2048 mad.
945 2006 1004 2065 9,
1050 1983 1184 2057 III,
1247 1983 1290 2046 l.
1336 1989 1549 2069 super
1612 1981 1803 2046 domo

231 2078 545 2164 gabellae
595 2079 988 2144 Cremonae.
1049 2077 1119 2153 C,
1177 2083 1316 2158 158.

243 2213 575 2280 Provisio
635 2216 958 2299 gabellae
1015 2215 1206 2296 quod
1265 2214 1352 2277 de
1409 2213 1804 2276 redditibus

163 2309 491 2391 gabellae
577 2307 706 2372 fiat
791 2307 1143 2372 restitutio
1221 2307 1646 2370 Anzelerino
1719 2307 1806 2370 de

161 2403 446 2486 Nuptiis
493 2404 584 2466 de
639 2421 758 2481 ¹50
800 2400 998 2465 libris
1031 2402 1276 2483 imper.
1320 2410 1392 2464 et
1433 2399 1806 2464 abbatibus

161 2508 232 2559 et
273 2497 722 2580 sapientibus
767 2495 1018 2559 blavae
1063 2495 1151 2558 de
1209 2494 1364 2557 aliis
1429 2511 1549 2573 150
1609 2493 1806 2556 libris

163 2601 408 2654 mutuo
449 2590 762 2671 acceptis
829 2610 871 2652 a
936 2587 1215 2672 gabella
1277 2607 1406 2669 pro
1457 2586 1806 2668 'expensis

159 2683 578 2748 necessariis
599 2681 942 2748 faciendis
965 2681 1036 2744 in
1059 2683 1384 2744 andatam
1409 2701 1620 2764 quam
1644 2679 1806 2744 facit

159 2776 538 2860 inquisitor
623 2776 1028 2840 henreticae
1111 2774 1480 2857 pravitatis
1565 2785 1808 2838 contra

161 2871 536 2934 Dolzinum
609 2881 683 2933 et
748 2869 926 2932 alios
996 2867 1394 2931 henreticos
1463 2887 1806 2951 sequaces

159 2965 384 3045 ipsius
447 2965 524 3028 in
591 2963 914 3028 districtu
980 2960 1351 3036 Novariae,
1418 2963 1803 3025 secundum

161 3057 726 3121 reformationem
772 3055 1048 3120 consilii
1103 3053 1452 3139 generalis
1499 3073 1803 3117 commu-

161 3151 260 3213 nis
307 3162 386 3215 et
429 3151 698 3234 populi.

221 3359 262 3422 -ι-
299 3357 370 3409 In
409 3355 652 3408 nomine
687 3354 909 3407 domini
939 3353 1116 3407 nostri
1149 3354 1280 3406 Iesu
1308 3353 1518 3407 Christi
1543 3361 1600 3406 et
1629 3354 1802 3407 Beate

164 3432 336 3486 Marie
373 3431 638 3498 Virginis
673 3440 732 3484 et
766 3431 1032 3483 omnium
1065 3431 1410 3484 Sanctorum
1463 3438 1522 3483 et
1568 3431 1803 3483 Sancta-

161 3525 284 3562 rum
321 3509 440 3562 Dei
493 3517 553 3562 et
597 3509 776 3562 totius
819 3507 950 3560 aule
986 3506 1230 3561 celestis
1284 3507 1413 3560 Hec
1447 3515 1583 3560 sunt
1618 3507 1802 3572 provi-

159 3585 348 3639 siones
369 3602 483 3652 per
507 3583 899 3650 infrascriptos
923 3583 1163 3636 abbates
1187 3593 1246 3636 et
1266 3583 1555 3651 sapientes
1577 3582 1802 3650 gabelle

161 3678 388 3729 magne,
427 3663 582 3716 facte
625 3670 891 3726 tempore
940 3659 1246 3726 potestatie
1296 3659 1502 3714 nobilis
1547 3660 1651 3713 viri
1699 3659 1801 3714 do·

165 3739 294 3791 mini
335 3739 486 3792 Zarli
522 3738 600 3792 de
639 3737 828 3791 Zorzis
873 3737 1172 3804 potestatis
1212 3737 1476 3790 comunis
1512 3738 1799 3790 Cremone

161 3825 216 3869 et
245 3815 471 3869 domini
513 3814 782 3869 Ubertini
817 3813 894 3866 de
929 3811 1316 3878 Adhegheriis
1364 3813 1647 3879 capitanei
1698 3829 1798 3880 po-

163 3893 274 3957 puli
309 3894 632 3954 Cremone,
671 3892 780 3944 sub
807 3889 1113 3943 millesimo
1137 3891 1542 3944 trecentesimo
1571 3891 1795 3958 quint0,

163 3969 450 4023 indicione
487 3969 678 4028 tertia,
716 3966 792 4020 de
815 3983 1014 4020 mense
1053 3965 1246 4030 madii,
1272 3967 1536 4020 videlicet
1570 3984 1674 4034 per
1697 3967 1800 4020 do·

166 4047 346 4100 minos
385 4044 765 4099 Fredericum
813 4043 888 4097 de
923 4043 1260 4110 CodelupiS,
1301 4044 1687 4097 Petrebonum
1724 4044 1798 4097 de

161 4121 526 4189 GosalengO,
567 4121 906 4188 Iacopinum
943 4119 1019 4172 de
1053 4121 1260 4182 Trezo,
1300 4121 1684 4174 Abraminum
1720 4120 1796 4173 de

163 4199 448 4266 StanghiS,
487 4199 711 4259 abateS‚

227 4275 659 4329 Mainardinum
687 4273 761 4326 de
792 4271 1088 4326 Diviciolis
1114 4301 1184 4312 —
1213 4272 1544 4340 Egidiolum
1579 4273 1654 4327 de
1681 4275 1799 4327 Ma-

163 4350 392 4420 laspinis
414 4381 486 4390 —-
513 4350 810 4404 Coradum
836 4349 910 4400 de
931 4349 1246 4416 Codelupis
1282 4381 1346 4388 —
1375 4351 1798 4404 Franceschum

161 4428 230 4481 de
265 4429 558 4482 Gaidesco
591 4457 664 4467 -——
698 4425 1052 4479 Ghirardum
1097 4426 1172 4480 de
1221 4426 1411 4480 Roziis
1461 4455 1523 4466 --
1565 4427 1800 4494 Pagani-

161 4521 294 4558 num
330 4506 410 4557 de
446 4502 786 4557 Gariboldis
821 4531 889 4541 --
939 4501 1292 4555 Ghirardum
1329 4503 1402 4556 de
1445 4503 1696 4556 Stefanis
1731 4533 1800 4542 —

165 4583 478 4635 Zoaninum
525 4581 604 4633 de
653 4581 888 4633 Doxino
937 4607 1005 4618 -
1049 4578 1368 4632 Ghidinum
1413 4579 1488 4632 de
1535 4581 1800 4632 Gavaziis

161 4685 224 4695 —
259 4657 693 4712 Ambroxinum
739 4656 816 4710 de
862 4657 1071 4710 Sexsto
1106 4685 1175 4694 —
1209 4655 1534 4710 Cabrielem
1577 4657 1652 4708 de
1699 4659 1801 4709 Zo—

163 4735 399 4800 venghis
433 4763 504 4774 -
541 4733 940 4787 Bonzaninum
964 4732 1040 4785 de
1060 4733 1304 4786 Sommo
1342 4763 1406 4770 —
1445 4733 1796 4786 Bonorinum

159 4814 226 4866 de
263 4814 419 4868 Ciria
454 4844 522 4853 —
563 4813 896 4865 Nicolinum
922 4812 996 4864 de
1025 4811 1224 4866 Laude
1261 4840 1327 4850 -—
1367 4812 1693 4866 Nicolinum
1721 4812 1796 4864 de

165 4891 578 4944 Bonisbecariis
597 4919 666 4928 ——-
697 4889 1069 4942 Baldesarum
1096 4889 1170 4942 de
1209 4889 1511 4943 Pescarolo
1539 4919 1604 4928 —
1630 4889 1798 4942 Iulia-

212 5207 268 5254 (ι)
299 5203 396 5247 Cfr.
425 5203 440 5245 i
470 5203 576 5246 doc.
611 5215 728 5254 1304,
762 5204 948 5254 maggio
968 5215 992 5254 ⁴
1012 5217 1037 5244 e
1057 5215 1096 5254 5,
1125 5205 1182 5253 D,
1205 5215 1256 5254 53
1286 5215 1312 5244 e
1341 5213 1406 5254 54.
1430 5204 1529 5245 Con
1550 5214 1640 5244 una
1659 5217 1796 5255 prov-

161 5267 332 5308 visione
375 5265 450 5308 del
480 5279 530 5318 ²⁴
562 5267 766 5316 gennaio
803 5266 848 5307 la
887 5266 1076 5307 Gabella
1112 5277 1259 5307 aveva
1295 5266 1467 5308 abolito
1505 5267 1546 5307 le
1581 5268 1798 5309 masnade

161 5332 433 5378 (maxenate)
461 5327 536 5370 dei
565 5329 846 5370 cavalcatori
884 5341 913 5368 ο
951 5328 1218 5380 stipendiari
1251 5328 1323 5370 del
1363 5341 1569 5378 comune,
1600 5330 1799 5372 raccolte

163 5392 218 5432 da
243 5399 312 5432 tre
340 5391 614 5433 conestabili
643 5391 690 5431 di
721 5391 962 5438 Cremona,
997 5391 1261 5442 Ruggerino
1290 5390 1336 5432 di
1366 5391 1528 5441 Gadio,
1559 5393 1798 5433 Niccolino

161 5453 394 5496 Cavaliere
421 5467 450 5496 e
479 5453 764 5495 Bernardino
795 5453 840 5493 di
872 5453 1178 5495 Raimondino
1206 5453 1252 5495 di
1283 5455 1471 5495 MannO.
1511 5455 1591 5494 Ma
1617 5455 1799 5496 avendo

161 5516 246 5556 essi
273 5517 498 5558 sollevato
518 5521 742 5568 proteste‚
761 5515 808 5556 la
827 5514 1017 5558 Gabella
1035 5515 1268 5558 domando
1283 5516 1314 5558 il
1333 5527 1491 5567 parere
1511 5515 1584 5557 del
1605 5517 1799 5568 collegio

1900 666 2279 721 Guillelmum
2312 667 2389 722 de
2426 670 2722 723 Mombelo
2756 699 2826 710 —
2862 672 3149 726 Ubertum
3185 673 3260 728 de
3298 674 3530 730 Poxolis

1898 773 1966 782 —
2001 745 2422 799 Zamboninum
2458 746 2533 799 de
2580 747 2890 801 Cavaleriis
2933 778 3003 788 —
3057 749 3407 818 Philipinum
3457 751 3535 806 de

1900 819 2188 885 Magistris
2210 849 2278 860 --
2302 821 2620 875 Zoaninum
2644 822 2719 875 de
2746 823 3046 878 Casamala
3070 854 3139 866 —
3166 827 3527 881 Iacominum

1896 894 1972 947 de
2011 897 2415 951 Maltraversiis
2449 928 2517 938 —
2553 899 2938 954 Abraminum
2982 901 3057 955 de
3096 903 3424 957 Picenardis
3464 932 3535 946 —

1898 971 2275 1026 Guillelmum
2309 973 2385 1027 de
2422 975 2684 1028 Prezanis
2707 1005 2775 1017 --
2801 976 3147 1032 Andriolum
3186 981 3521 1046 Zapateram

1895 1079 1964 1088 —
1995 1049 2286 1115 sapientes
2320 1051 2544 1117 gabelle
2578 1069 2807 1118 mag-ne,
2834 1063 3098 1120 tempore
3133 1054 3389 1121 predicte
3414 1072 3519 1123 po-

1897 1127 2123 1178 testatie
2158 1135 2217 1180 et
2258 1127 2497 1193 predicti
2546 1129 2967 1194 capitaneatu‘S,
3006 1133 3107 1198 qui
3151 1131 3383 1186 fuerunt
3422 1133 3530 1186 tri-

1897 1201 2039 1267 ginti
2076 1219 2245 1266 unm,
2281 1205 2613 1270 congregati
2649 1221 2822 1272 super
2846 1206 3026 1261 domo
3060 1209 3287 1274 gabelle
3314 1226 3525 1276 magne

1899 1293 2062 1331 more
2109 1279 2279 1332 solito
2323 1289 2383 1333 et
2426 1281 2525 1348 qui
2561 1296 2765 1335 omnes
2814 1283 3046 1337 suerunt
3096 1285 3152 1338 in
3199 1286 3529 1348 concordia,

1898 1353 2049 1407 facto
2074 1355 2281 1422 partito
2304 1357 2452 1410 inter
2474 1373 2571 1410 eos
2607 1373 2709 1424 per
2731 1358 3033 1414 dominum
3060 1361 3427 1415 Fredericum
3453 1361 3531 1416 de

1900 1431 2217 1498 Codelupis
2262 1433 2533 1487 abbatem
2579 1443 2637 1487 et
2670 1436 2991 1502 sapientem
3034 1439 3280 1503 gabbele
3322 1453 3431 1504 pro
3466 1453 3533 1492 se

1898 1515 1957 1559 et
1991 1507 2162 1561 sociis
2197 1510 2315 1561 suis
2370 1509 2443 1562 ad
2496 1510 2730 1564 busolas
2782 1521 2841 1565 et
2886 1513 3138 1576 balotaS,
3178 1515 3278 1582 qui
3323 1530 3531 1568 omnes

1899 1594 2219 1648 posuerunt
2240 1586 2463 1639 balotas
2486 1601 2621 1640 suas
2639 1587 2695 1640 in
2722 1588 2925 1643 busola
2947 1591 3207 1644 vermilia
3226 1607 3340 1659 que
3364 1607 3533 1658 apro-

1899 1665 2093 1728 babat,
2150 1665 2533 1734 infrascriptas
2586 1669 2944 1734 provisiones
2994 1671 3211 1726 debere
3264 1672 3415 1734 fieri,
3472 1679 3534 1726 et

1899 1742 2071 1795 nulus
2104 1743 2297 1809 posuit
2330 1743 2584 1797 balotam
2619 1761 2784 1808 suam
2820 1746 2877 1800 in
2912 1748 3117 1801 busola
3152 1749 3377 1815 glaulca
3412 1764 3532 1816 que

1899 1819 2246 1884 reprobabat
2290 1821 2672 1888 infrascriptas
2719 1824 3078 1891 provisiones
3126 1826 3341 1879 debere
3386 1825 3531 1880 fieri.

1899 1897 2095 1949 Tenor
2129 1912 2375 1963 quarum
2428 1899 2823 1964 provisionum
2874 1902 3001 1955 talis
3050 1911 3165 1956 est:
3209 1904 3357 1956 Cum
3407 1904 3528 1957 An-

1899 1972 2181 2026 zelerinus
2215 1973 2291 2026 de
2328 1975 2585 2041 Nupcii3‚
2624 1976 2697 2029 ad
2734 1993 2933 2044 preces
2969 1987 3027 2031 et
3062 1979 3391 2033 instantiam
3426 1979 3532 2032 do·-

1901 2046 2191 2102 minorum
2242 2053 2544 2116 potestatis
2594 2062 2653 2106 et
2703 2054 2985 2122 capitanei
3036 2063 3096 2109 et
3146 2056 3422 2110 abbatum
3473 2063 3535 2109 et

1901 2126 2227 2192 sapientum
2274 2128 2499 2194 gabelle
2552 2130 2806 2196 predicte
2822 2170 2834 2193 ,
2874 2133 3209 2197 prestaverit
3243 2133 3422 2200 gratia
3474 2140 3536 2186 et

1900 2217 2099 2255 amore
2134 2211 2193 2256 et
2227 2203 2351 2257 sine
2391 2206 2589 2273 aliquo
2627 2205 2787 2260 dono
2830 2216 3063 2261 centum
3108 2209 3531 2276 quinquaginta

1901 2277 2031 2331 libr.
2066 2279 2268 2345 imper.
2306 2283 2540 2335 comuni
2564 2291 2623 2336 et
2645 2283 2873 2350 gabelle
2907 2285 3197 2339 Cremone
3232 2301 3334 2339 seu
3370 2285 3529 2338 fratri

1903 2355 2209 2410 Leonardo
2243 2359 2518 2412 massario
2553 2359 2786 2426 gabele‚
2822 2360 3058 2415 nomine
3105 2363 3283 2427 ipsius
3323 2363 3533 2428 gabele

1901 2440 1960 2485 et
1993 2432 2278 2495 comuniS,
2314 2451 2421 2501 pro
2456 2437 2745 2491 solutione
2768 2437 3028 2491 facienda
3052 2439 3160 2493 illis
3186 2440 3284 2506 qui
3316 2439 3535 2492 debent

1900 2506 2113 2561 ducere
2147 2509 2399 2575 plaustra
2434 2511 2493 2564 in
2535 2512 2807 2567 andatam
2843 2530 3020 2581 quam
3056 2515 3189 2568 facit
3224 2514 3531 2582 inquisitor

1900 2583 2189 2637 henretice
2224 2587 2517 2651 pravitatis
2541 2597 2740 2644 contra
2768 2590 3075 2646 Dolzinum
3111 2599 3172 2644 et
3206 2590 3350 2644 alios
3388 2591 3533 2644 hen-

1901 2660 2109 2713 reticos
2142 2677 2421 2728 sequaces
2446 2663 2643 2730 ipsius,
2682 2665 2994 2720 existentes
3026 2667 3081 2720 in
3118 2667 3377 2721 districtu
3418 2669 3537 2720 No—

1900 2737 2084 2799 varie‚
2122 2738 2443 2793 seeundum
2480 2741 2946 2796 reformationem
2990 2743 3214 2798 consilii
3248 2744 3537 2810 generalis

1900 2813 2164 2867 comunis
2189 2815 2476 2870 Cremone
2499 2818 2647 2872 facte
2671 2819 2745 2872 de
2784 2819 2922 2886 ipsis
2944 2821 3212 2887 plaustris
3240 2820 3533 2876 mitendiS.

1904 2887 2047 2942 Ideo
2084 2891 2374 2956 provisum
2410 2902 2469 2946 et
2504 2895 2833 2950 ordinatum
2877 2907 2964 2950 est
2997 2914 3101 2964 per
3134 2898 3375 2951 abbates
3411 2913 3539 2964 pre-

1900 2964 2085 3018 dictos
2121 2974 2178 3019 et
2212 2969 2501 3035 sapientes
2542 2971 2797 3038 gabelle,
2836 2989 2941 3040 pro
2988 2973 3241 3027 evidenti
3292 2973 3537 3028 utilitate

1901 3043 2165 3096 comunis
2200 3052 2258 3097 et
2289 3047 2490 3113 populi
2524 3057 2583 3102 et
2616 3050 2795 3115 partis
2832 3049 3087 3104 Ecclesie
3123 3051 3198 3106 de
3241 3052 3535 3104 Cremona

1901 3126 1961 3171 et
2007 3135 2115 3186 pro
2165 3123 2599 3178 conservatione
2640 3127 2880 3180 catolice
2926 3127 3088 3189 fidei,
3130 3128 3291 3195 quod
3326 3144 3534 3182 omnes

1901 3196 2166 3250 introitus
2200 3207 2261 3252 et
2293 3199 2551 3254 redditus
2584 3211 2881 3267 portarum
2908 3205 3088 3258 sancti
3128 3206 3281 3258 Luce
3316 3211 3375 3256 et
3406 3220 3532 3257 om·

1901 3271 2062 3325 nium
2096 3275 2438 3329 Sanctorum
2472 3285 2531 3330 et
2565 3278 2765 3332 botoni
2790 3280 2923 3332 salis
2960 3279 3268 3334 deveniant
3302 3288 3362 3333 et
3382 3279 3531 3333 solvi

1899 3347 2151 3404 debeant
2194 3350 2349 3404 dicto
2395 3353 2741 3408 Anzelerino
2793 3355 2979 3410 donec
3024 3357 3195 3410 fuerit
3228 3357 3337 3410 sibi
3392 3357 3535 3409 inte-

1898 3425 2129 3490 graliter
2162 3426 2515 3482 satisfactum
2552 3430 2627 3484 de
2661 3431 2827 3485 dictis
2851 3442 3084 3488 centum
3111 3432 3531 3500 quinquaginta

1899 3501 2027 3554 libr.
2064 3511 2123 3555 et
2166 3503 2325 3570 quod
2370 3505 2445 3559 de
2480 3507 2617 3573 ipsis
2654 3507 2995 3576 introytibus
3041 3519 3099 3562 et
3150 3509 3427 3564 reditibus
3471 3516 3533 3562 et

1898 3579 2119 3633 botono
2170 3580 2305 3634 salis
2356 3597 2475 3635 non
2525 3584 2748 3650 possint
2807 3601 2914 3638 nec
2974 3585 3223 3640 debeant
3279 3585 3531 3652 expendi

1899 3655 2078 3708 modo
2112 3655 2309 3724 aliquo
2345 3659 2434 3711 vel
2469 3659 2702 3727 ingenio
2742 3662 2851 3715 nisi
2886 3663 2945 3714 in
2987 3662 3183 3715 dando
3218 3662 3373 3716 dicto
3408 3663 3533 3714 An-

1897 3732 2165 3794 zelerin0,
2201 3734 2389 3788 donec
2433 3738 2541 3790 sibi
2580 3738 2929 3806 integraliter
2972 3739 3142 3793 suerit
3175 3739 3529 3793 satisfactum

1897 3806 1971 3860 de
2007 3808 2175 3863 dictis
2207 3811 2475 3876 denariis,
2514 3821 2573 3868 et
2607 3815 2766 3882 quod
2804 3815 2974 3868 frater
3012 3816 3347 3868 Leonardus
3373 3831 3531 3867 mas-

1896 3885 2078 3938 sarius
2114 3887 2317 3952 gabele
2351 3889 2641 3956 predictus
2678 3891 2858 3956 possit
2890 3901 2948 3944 et
2974 3891 3184 3945 debeat
3202 3891 3532 3958 expendere

1895 3962 2081 4015 dictos
2133 3964 2401 4020 denarios
2454 3976 2747 4022 mutuatos
2792 3986 2829 4021 a
2874 3968 3028 4022 dicto
3083 3969 3427 4022 Anzelerino
3470 3970 3527 4022 in

1895 4039 2063 4092 dictis
2097 4042 2382 4107 plaustris,
2420 4053 2478 4097 et
2530 4045 2689 4112 quod
2733 4045 2955 4098 domini
3006 4055 3280 4112 potestaS,
3319 4047 3531 4112 capita-

1895 4131 2060 4177 neuS,
2097 4119 2362 4172 consules
2397 4129 2455 4174 et
2489 4121 2705 4174 antiani
2744 4132 2801 4175 et
2836 4123 3125 4188 sapientes
3160 4123 3385 4188 gabele‚
3424 4122 3525 4190 qui

1896 4207 2051 4246 nunc
2084 4205 2218 4249 sunt
2254 4205 2310 4250 et
2345 4197 2442 4264 qui
2470 4199 2953 4264 pro‘temporibus
2978 4197 3204 4260 fuerint,
3228 4208 3531 4252 teneantur

1896 4278 1954 4322 et
1973 4269 2224 4325 debeant
2246 4273 2457 4327 dictam
2483 4275 2869 4341 provisionem
2899 4275 2955 4328 in
2977 4275 3229 4342 qualibet
3252 4276 3341 4329 sui
3367 4285 3530 4342 parte

1897 4346 2203 4401 observare
2239 4357 2297 4403 et
2332 4367 2449 4403 non
2486 4352 2912 4413 contravenire,
2952 4361 3010 4405 et
3059 4353 3105 4405 si
3160 4362 3359 4406 contra
3404 4369 3533 4418 pre-

1897 4422 2049 4476 dicta
2084 4425 2173 4477 vel
2208 4425 2445 4493 aliquod
2484 4428 2871 4494 predictorum
2918 4429 3154 4482 fecerint
3198 4430 3290 4481 vel
3340 4430 3530 4482 facere

1896 4501 2279 4565 permiserint,
2315 4504 2814 4572 condempnentur
2849 4513 2906 4558 et
2938 4506 3065 4572 ipso
3102 4505 3223 4558 iure
3260 4507 3371 4559 sint
3394 4523 3532 4559 con-

1897 4576 2194 4643 dempnati
2229 4579 2417 4632 dictus
2453 4591 2705 4647 potestas
2742 4581 2799 4634 in
2844 4590 3077 4636 centum
3112 4583 3270 4635 libris
3322 4583 3526 4648 imper.

1897 4667 1954 4705 et
1988 4653 2321 4719 capitaneus
2346 4657 2403 4708 in
2441 4657 2859 4725 quinquaginta
2882 4658 3058 4722 libris,
3097 4667 3156 4712 et
3191 4659 3432 4726 quilibet
3454 4675 3529 4712 ex

1897 4731 2230 4784 consulibus
2276 4741 2331 4786 et
2366 4734 2611 4788 antianis
2646 4734 2843 4800 populi
2880 4743 2939 4788 et
2973 4750 3044 4787 ex
3081 4735 3530 4800 gabellatoribus

1899 4807 1954 4858 in
2009 4817 2243 4862 centum
2289 4810 2465 4863 soldis
2510 4810 2708 4877 imper.
2747 4828 2849 4877 pro
2893 4811 3155 4879 quolibet
3195 4826 3430 4874 eorum,
3469 4821 3531 4866 et

1897 4883 2003 4936 hec
2019 4885 2271 4950 provisio
2294 4886 2365 4939 sit
2385 4888 2621 4940 troncha
2646 4894 2704 4939 et
2724 4889 2943 4953 precisa
2965 4896 3022 4941 et
3042 4888 3239 4941 ultima
3254 4888 3529 4942 omnibus

1896 5202 1971 5242 dei
1998 5201 2167 5252 giudici
2196 5203 2310 5244 sulla
2338 5203 2523 5252 legalita
2550 5203 2669 5244 della
2696 5203 3004 5255 provvisione.
3041 5203 3077 5244 11
3110 5203 3319 5254 collegio,
3359 5203 3405 5244 in
3438 5215 3531 5246 una

1895 5264 2137 5306 adunanza
2162 5276 2191 5306 a
2218 5265 2290 5306 cui
2318 5265 2665 5316 parteciparono
2684 5269 2734 5316 67
2755 5265 2939 5316 giudici,
2964 5265 3139 5316 tispose
3161 5268 3201 5318 (5
3222 5265 3425 5318 maggio)
3443 5266 3529 5307 che

1896 5339 1974 5367 era
2003 5328 2155 5368 valida
2182 5339 2207 5368 e
2237 5328 2320 5368 che
2350 5341 2517 5368 nessun
2550 5341 2799 5379 compenso
2837 5334 3049 5379 spettava
3086 5329 3127 5368 ai
3166 5327 3393 5369 cavalieri.
3425 5329 3529 5370 Con

1896 5395 2059 5439 questa
2096 5402 2247 5430 nuova
2284 5391 2577 5442 provvisione
2615 5390 2689 5432 del
2718 5393 2743 5430 6
2772 5391 2957 5440 maggio
2994 5391 3037 5431 la
3072 5389 3261 5431 Gabella
3296 5389 3531 5432 conferma

1895 5457 2068 5502 quanto
2096 5463 2244 5493 aveva
2271 5452 2505 5494 decretato
2534 5453 2563 5494 il
2594 5465 2643 5504 2⁴
2670 5453 2882 5503 germaio,
2915 5465 2941 5494 e
2968 5451 3202 5504 provvede
3228 5464 3312 5504 per
3335 5452 3365 5492 il
3384 5464 3533 5504 paga-

1897 5519 2051 5555 mento
2080 5515 2121 5556 al
2151 5514 2345 5566 collegio
2375 5515 2449 5557 dei
2475 5515 2646 5566 giudici
2674 5529 2701 5556 e
2728 5515 2819 5566 agli
2848 5515 3075 5557 avvocati.
