4050 6109
1177 269 1434 322 CARTE
1476 269 1730 320 DELLA.
1775 271 2020 321 CAPSA.
2067 271 2433 322 MONETAE
3374 277 3488 339 125

169 517 289 580 zoni,
321 526 450 571 tunc
485 526 886 586 superstantes
922 530 1154 575 monete
1199 522 1505 582 Cremone,
1543 520 1768 573 solvere
1813 518 1819 594 Ι
1869 520 2134 574 Ubertini
2168 521 2242 574 de
2278 520 2688 586 Cignabigallis
2730 519 2809 574 ibi
2845 521 3099 574 testium.
3140 523 3213 574 D.
3244 523 3497 589 Rogerio

169 596 208 648 ei
239 595 452 648 nomine
473 596 747 650 comunis
775 598 1064 651 Cremone
1087 613 1276 665 usque
1299 599 1373 652 ad
1399 606 1514 650 tres
1537 613 1766 650 menses
1814 595 1818 631 ἓ
1865 597 2111 651 Carfalle
2152 597 2226 650 de
2270 596 2476 650 vicinia
2525 597 2583 650 S.
2639 597 2897 650 Mauricii
2943 597 3237 664 stipulanti
3286 599 3497 665 promi-

169 670 424 738 proximos
461 671 673 726 decem
719 673 896 726 libras
931 673 1005 727 ad
1042 675 1324 728 rationem
1363 673 1762 740 imperialium,
1813 638 1818 735 Ι
1865 683 2064 728 serunt
2101 675 2173 727 D.
2216 675 2481 740 Paganus
2523 673 2597 726 de
2650 673 2976 728 Malfiastris
3012 683 3069 728 et
3108 675 3387 728 Martinus
3422 675 3496 727 de

169 763 289 816 quos
333 748 602 802 denarios
648 751 896 804 confessi
943 752 1176 806 fuerunt
1219 768 1280 804 se
1325 751 1398 804 ab
1443 767 1516 804 eo
1562 758 1766 804 mutuo
1813 756 1818 795 ἓ
1866 751 2173 804 Gabianita
2208 759 2343 804 tunc
2393 750 2618 804 masarii
2662 751 2926 805 comunis
2963 752 3250 806 Cremone
3292 760 3352 805 et
3396 768 3497 805 no-

167 826 438 892 accepisse,
477 837 539 880 et
580 829 940 882 renunciavit
987 828 1312 895 exceptioni
1366 845 1480 882 non
1529 829 1662 881 date
1710 834 1767 878 et
1813 800 1818 896 J
1865 828 2020 881 mine
2059 827 2235 894 ipsius
2261 828 2525 881 comunis
2548 828 2794 890 solvere,
2822 845 3007 896 usque
3032 828 3105 881 ad
3126 836 3241 882 tres
3268 845 3496 882 menses

165 911 429 956 numerate
463 903 736 970 pecunie.
1813 906 1817 946 ¹
1864 905 2213 971 proximum,
2254 904 2674 971 quinquaginta
2708 904 2881 958 libras
2925 905 2998 958 ad
3054 906 3336 958 rationem
3389 905 3496 958 im-

219 982 254 1043 ·1·
287 981 403 1045 Ego
441 981 580 1047 Ugo
627 981 1046 1045 Montenarius,
1072 982 1329 1037 notarius
1378 982 1520 1036 sacri
1552 979 1765 1048 palatii,
1813 947 1818 1039 Ι
1864 981 2186 1048 perialium,
2225 983 2333 1034 sub
2371 998 2520 1048 pena
2556 981 2715 1049 dupli
2752 981 2921 1035 sortis
2957 981 3237 1049 duplique
3285 996 3497 1048 expen-

166 1056 360 1110 intersui
393 1067 453 1110 et
491 1058 644 1111 hanc
679 1067 897 1112 cartam
936 1067 1164 1126 rogatus
1199 1059 1416 1126 scripsi.
1815 1092 1820 1147 Ι
1867 1075 2059 1114 sarum
2104 1075 2251 1126 quas
2296 1058 2533 1112 fecerint
2585 1075 2689 1124 pro
2735 1059 2819 1112 eis
2862 1058 3112 1112 denariis
3158 1057 3491 1124 exigendiS,

1815 1154 1820 1197 ι
1867 1135 2202 1189 nominatim
2256 1151 2361 1203 pro
2415 1134 2835 1202 quinquaginta
2886 1135 3045 1188 libris
3088 1134 3164 1188 ad
3213 1134 3495 1188 rationem

1869 1211 2250 1279 imperialium
2295 1228 2439 1279 quas
2492 1211 2737 1266 confessi
2792 1213 3021 1265 fuerunt
3063 1227 3127 1265 se
3175 1211 3494 1277 accepisse,

165 1311 338 1364 lesimo
381 1313 790 1367 ducentesimo
837 1315 1117 1381 vigesimo
1161 1316 1440 1382 septimO,
1481 1315 1768 1368 indicione
1867 1289 2103 1378 nomifoe
2151 1289 2415 1341 comunis
2467 1289 2785 1376 Cffmf'ne’
2824 1289 2898 1341 ab
2933 1305 3006 1342 ΕΟ
3044 1296 3280 1376 mutuo:
3318 1297 3377 1374 ῗῐ
3412 1304 3497 1340 re*

167 1388 586 1454 quintadecimffi
623 1391 719 1444 die
755 1401 964 1460 quarto
1002 1393 1248 1446 intrante
1281 1392 1531 1458 augusti,
1570 1391 1644 1444 ad
1689 1401 1769 1444 ta·
1869 1375 2283 1454 nunciaverunt
2333 1373 2660 1430 exceptioni
2714 1381 2831 1418 non
2880 1373 3183 1418 numerate
3230 1365 3337 1418 Sibi
3386 1380 3512 1438 ρετ-ο

167 1464 333 1518 hulam
375 1468 646 1520 comunis
693 1469 1012 1531 Cremone,
1060 1469 1356 1535 presencia
1400 1469 1660 1522 Axandri
1695 1468 1769 1522 de
1868 1458 2057 1496 cume·

167 1543 352 1596 Sozura
396 1551 458 1598 et
505 1543 735 1598 Aitoldi
777 1545 970 1598 Valeri
1016 1555 1073 1600 et
1122 1545 1272 1598 Petri
1317 1545 1392 1598 de
1445 1545 1490 1598 F
1492 1546 1665 1598 ruetis
1712 1555 1772 1599 et
1939 1547 1978 1608 -Ι-
2017 1546 2144 1612 Ego
2184 1544 2534 1599 Lanfrancus
2557 1545 2817 1610 scriptor,
2857 1545 3217 1612 imperatoris
3260 1544 3497 1598 Henrici

171 1619 406 1673 Barisoldi
467 1621 758 1675 Corererii
811 1630 869 1675 et
928 1621 1202 1674 Oddolini
1263 1619 1336 1674 de
1399 1620 1658 1674 Riboldis
1714 1631 1771 1674 et
1872 1622 2145 1684 notariuS,
2184 1621 2409 1675 interfui
2446 1629 2503 1673 et
2541 1622 2687 1675 hanc
2722 1630 2935 1675 cartam
2972 1622 3188 1688 scripsi.

218 1239 251 1297 †
281 1237 450 1288 Anno
487 1237 563 1290 ab
601 1235 1004 1292 incarnacione
1039 1239 1098 1292 d.
1139 1257 1194 1293 n.
1238 1241 1370 1293 Iesu
1407 1239 1617 1293 Christi
1645 1237 1768 1292 mil-
1815 1224 1820 1235 '

1473 2729 1709 2738 *φη-ὓ,
1742 2731 1781 2738 ..-
1815 2733 1933 2739 ..—
2043 2733 2136 2739 —--
