4050 6109
513 292 594 354 50
1519 286 1789 341 CODICE
1833 290 2358 343 DIPLOMATICO
2403 291 2865 342 CREMONESE

520 552 654 613 239.
701 570 782 579 —
837 554 1013 613 1327,
1051 532 1171 597 iul.
1214 555 1306 613 19,
1341 536 1432 605 X,
1473 532 1841 598 Cremonae
1885 533 1960 597 in
1989 556 2143 597 can-

601 632 756 691 tono
801 626 1133 692 Aribertz'.
1181 630 1276 701 D,
1329 650 1464 707 123.

601 764 1002 828 Simonotus
1048 766 1134 828 de
1194 763 1534 839 ScafissiS,
1604 765 1768 827 olim
1828 776 2143 847 potestas

515 856 917 931 Cremonae,
963 858 1332 921 confitetur
1376 880 1530 921 esse
1563 857 1992 941 integraliter
2038 880 2141 921 sa-

515 950 864 1016 tisfactum
909 972 1038 1033 pro
1085 972 1160 1015 se
1215 964 1283 1017 et
1327 952 1620 1016 soldatis
1667 953 1813 1015 suis
1860 952 1946 1014 de
1992 962 2143 1016 toto

514 1055 828 1126 tempore
875 1047 1062 1129 quod
1109 1045 1301 1110 stetit
1344 1047 1433 1109 ad
1467 1046 1776 1129 regimen
1817 1046 2142 1109 civitatis,

518 1270 656 1329 240.
703 1288 781 1295 -
837 1268 1011 1329 1327,
1063 1269 1221 1331 aug.
1273 1269 1371 1323 20,
1418 1249 1480 1311 d.
1526 1247 1600 1312 in
1643 1248 1954 1313 Sonzz‘no.
1999 1248 2141 1333 Ap.

599 1343 923 1517 ῗῗῗῗὲτ,
968 1348 1070 1426 op.
1115 1342 1222 1405 cit.
1269 1348 1412 1406 802.
1459 1342 1852 1418 GalantinO,
1899 1351 2000 1427 op.
2033 1343 2141 1407 cit.

600 1575 698 1635 Lu
709 1573 999 1635 dovicus
1023 1593 1151 1635 rex
1169 1572 1532 1636 confirmat
1549 1573 1918 1657 privilegia
1934 1574 2143 1637 castri

519 1666 803 1731 Sunzini
833 1680 902 1729 et
933 1666 1255 1747 plebatus
1283 1666 1467 1729 Calsi
1499 1678 1568 1729 et
1613 1668 1923 1731 decernit
1953 1670 2144 1749 quod

517 1772 820 1825 castrum
865 1774 934 1822 et
977 1762 1299 1842 plebatus
1359 1780 1517 1823 cum
1563 1762 1908 1825 universis
1952 1763 2143 1826 habi-

517 1855 827 1919 tantibus
901 1855 1253 1936 pertinent
1325 1855 1651 1919 imediate
1717 1856 2011 1939 imperio
2077 1868 2146 1921 et

518 1949 686 2011 nulli
734 1948 932 2012 alteri
978 1948 1255 2013 comuni
1294 1948 1730 2013 universitati
1767 1952 1878 2014 vel
1909 1950 2145 2033 singu-

525 2042 652 2105 lari
696 2062 1059 2123 personae.
2072 2059 2079 2066 ·

525 2248 650 2309 241.
691 2268 764 2275 -
809 2250 985 2309 1327,
1012 2250 1162 2295 nov.
1197 2251 1286 2310 17,
1316 2232 1446 2305 XI,
1472 2231 1855 2295 Cremonae.
1881 2234 1975 2307 D,
2011 2254 2145 2311 124.

609 2366 816 2429 Fines
840 2364 1065 2429 factae
1096 2366 1434 2428 massario
1465 2367 1782 2448 gabellae
1803 2386 1930 2448 per
1947 2368 2147 2431 Lom-

524 2460 892 2522 bardinum
939 2460 1026 2521 de
1083 2458 1582 2541 Aimengardis
1637 2460 1724 2523 de
1785 2481 1907 2523 200
1951 2460 2147 2523 libris

521 2554 686 2635 imp.
733 2554 819 2615 de
866 2552 1150 2615 introitu
1197 2552 1374 2615 dacii
1421 2575 1458 2631 4
1506 2554 1675 2615 sold.
1731 2554 1971 2635 imper.
2016 2574 2147 2636 pro

523 2648 834 2727 quolibet
857 2646 1168 2728 plaustro
1201 2646 1344 2709 vini
1377 2657 1446 2709 et
1475 2666 1768 2710 uvarum
1800 2649 2147 2712 conducto

521 2741 930 2803 Cremonam
977 2742 1064 2803 de
1108 2760 1346 2803 mense
1411 2741 1826 2821 septembris
1879 2754 2145 2825 praete-

523 2835 656 2909 riti,
704 2835 790 2897 de
832 2834 1203 2897 medietate
1269 2834 1467 2898 cuius
1525 2835 1863 2899 habuerat
1908 2837 2146 2900 datum

523 2949 564 2991 a
609 2926 979 3016 communi.

523 3134 659 3193 242.
707 3152 786 3163 —
841 3120 1019 3193 1328,
1066 3118 1266 3178 mart.
1330 3114 1460 3189 XI,
1509 3114 1732 3199 Regii.
1789 3114 1941 3179 Dal
1978 3116 2148 3179 Tac-

610 3209 764 3283 coli,
811 3209 1019 3271 Alem.
1065 3208 1244 3272 Stor.
1291 3207 1369 3271 di
1397 3208 1680 3293 Reggio,
1727 3211 1785 3285 J,
1835 3216 1977 3289 289.

608 3343 1030 3407 Defensores
1074 3344 1318 3426 populi
1365 3342 1583 3427 Regii
1616 3348 1952 3426 (tempore
1983 3346 2147 3409 Pas—

525 3437 738 3500 sarini
783 3439 868 3500 de
899 3439 968 3500 la
993 3438 1215 3503 Turre
1245 3440 1533 3501 rectoris
1578 3440 1798 3522 Regii
1843 3460 1970 3521 pro
2001 3441 2151 3504 Ro-

525 3551 726 3594 mana
771 3532 1082 3605 ecclesia,
1153 3546 1445 3595 vacante
1506 3533 1821 3614 imperio)
1866 3545 1934 3598 et
1980 3554 2149 3597 non-

522 3626 692 3689 nulli
731 3626 1081 3706 sapientes
1115 3635 1429 3689 statuunt
1465 3628 1792 3690 salarium
1822 3629 2149 3693 ambaxa-

521 3721 790 3783 toribus
837 3719 1036 3782 ituris
1080 3720 1512 3784 Cremonam.

523 3928 656 3987 243.
705 3942 783 3953 —
833 3912 1010 3985 1328,
1043 3905 1188 3969 iun.
1229 3927 1322 3985 19,
1356 3906 1486 3979 XI,
1525 3906 1909 3981 Cremonae,
1941 3914 2149 3992 super

605 4021 755 4065 coro
801 4001 870 4063 S.
919 3999 1196 4065 Manae
1239 3998 1549 4063 ecclesiae
1595 3999 1890 4063 maioris.

605 4136 1076 4199 Inventarium
1121 4136 1463 4197 bonorum
1502 4134 1847 4198 Bovexini
1890 4136 1976 4197 dc
2023 4136 2145 4198 Ca-

523 4230 724 4293 nellis
747 4228 1004 4291 factum
1034 4250 1076 4291 a
1103 4228 1526 4291 Zambonino
1558 4226 1770 4292 fratre
1800 4239 1868 4291 et
1891 4230 2147 4291 herede

522 4323 688 4386 dicti
722 4322 1088 4397 Bovexini,
1123 4338 1282 4385 cum
1313 4321 1654 4387 beneficio
1685 4322 2075 4385 inventarii.

593 4546 700 4596 Fra
737 4544 862 4597 altri
911 4544 1080 4597 beni:
1128 4562 1158 4595 ‹
1193 4544 1332 4599 item
1371 4543 1740 4598 medietatem
1779 4543 1949 4597 unius
1985 4545 2147 4611 pecie

519 4632 668 4674 terre
694 4621 956 4681 aratorie‚
987 4637 1104 4687 que
1129 4621 1428 4674 consuevit
1452 4638 1578 4675 esse
1604 4620 1816 4685 vidata,
1841 4622 1893 4674 111
1922 4620 2148 4674 duabus

521 4697 712 4764 peciiS‚
749 4696 803 4749 in
842 4696 1050 4749 clausis
1103 4700 1407 4763 Cremone‚
1448 4698 1520 4750 ad
1566 4700 1623 4753 S.
1661 4700 2022 4766 Gorgonum,
2058 4702 2145 4751 011

518 4775 770 4841 00110101,
787 4782 896 4827 010.
921 4789 1067 4841 quas
1091 4773 1425 4839 possidebat
1447 4774 1634 4827 dictus
1663 4774 1985 4827 Bovexinus
2008 4782 2151 4827 tem-

518 4866 659 4915 pore
699 4851 765 4903 D.
807 4850 850 4901 F
855 4849 1088 4902 rancissi
1123 4850 1198 4902 de
1236 4850 1554 4914 Clavisana,
1594 4850 1732 4903 olim
1761 4851 1950 4903 vicarii
1996 4851 2051 4903 in
2076 4850 2153 4905 ci-

519 4927 689 4980 vitate
727 4928 1012 4979 Cremone
1050 4944 1154 4992 pro
1193 4928 1262 4981 D.
1303 4927 1557 4979 Henrico
1593 4946 1649 4994 q.
1688 4927 2054 4996 imperatore,
2090 4936 2147 4981 01

520 5022 667 5074 quas
719 5005 905 5058 dictus
961 5005 1286 5057 Bovexinus
1339 5004 1524 5057 tenuit
1580 5020 1764 5071 usque
1807 5004 1882 5057 ad
1918 5012 2151 5069 tempus

521 5098 640 5149 quo
676 5080 948 5146 expulsus
985 5081 1092 5133 suit
1125 5096 1232 5146 pro
1267 5081 1417 5134 sacto
1453 5080 1862 5147 Capeletorum
1901 5082 1976 5133 de
2017 5082 2152 5133 Cre-

521 5176 713 5225 mona,
750 5158 848 5225 qui
873 5167 1154 5211 venerunt
1181 5175 1214 5209 0
1237 5158 1426 5211 Casuli
1459 5158 1675 5211 maiore
1699 5167 1758 5211 et
1797 5158 2153 5211 intraverunt

521 5254 624 5303 per
659 5236 776 5288 vim
815 5235 868 5287 in
906 5235 1133 5288 civitate
1179 5236 1485 5301 6101110110,
1529 5244 1586 5287 01
1633 5236 1950 5288 secundum
1991 5234 2149 5301 quod

525 5314 645 5379 ipse
673 5314 742 5367 D.
771 5312 1096 5365 Bovexinus
1131 5311 1186 5364 in
1226 5328 1424 5364 earum
1459 5311 1822 5377 possessione
1857 5311 2152 5364 restitutus

525 5392 627 5444 suit
661 5388 933 5456 capitulio
968 5389 1142 5455 paciS‚
1177 5405 1279 5440 seu
1317 5388 1406 5440 ius
1443 5389 1675 5455 petendi
1715 5388 1898 5455 ipsam
1937 5390 2151 5441 medie-

525 5476 701 5522 tatem
739 5482 845 5535 pro
881 5466 1155 5523 indivisse
1189 5484 1243 5519 ».

2375 414 2591 421 ———----

2242 556 2375 615 244.
2428 572 2502 583 -
2559 543 2739 616 1328,
2785 539 2905 599 oct.
2954 557 3013 615 9,
3049 536 3220 609 XII,
3258 535 3647 599 Cremonae.
3696 534 3872 599 Dal-

2324 630 2443 695 l’A
2456 629 2709 694 rchivio
2754 629 3016 695 Storico
3060 628 3404 705 Siciliam,
3434 629 3575 705 IV,
3616 634 3800 709 1878.

2336 768 2571 830 Frater
2594 766 3029 839 TomasinuS,
3054 768 3408 849 praelatus
3432 764 3703 828 Domus
3728 764 3874 827 Hu-

2242 862 2661 924 miliatorum
2732 860 2803 920 S.
2868 859 3247 922 Guillielmi
3316 859 3736 931 Cremonae,
3807 870 3873 920 et

2242 953 2451 1017 frater
2495 953 2858 1025 MartinuS,
2903 954 3259 1035 praelatus
3310 954 3582 1017 Domus
3628 952 3874 1015 Humi-

2242 1048 2564 1111 liatorum
2598 1048 2668 1110 S.
2701 1046 3133 1117 Catherinae.
3181 1066 3527 1109 consensu
3558 1045 3872 1108 omnium

2242 1140 2529 1204 fratrum
2576 1142 2647 1203 S.
2692 1140 3094 1215 Guillielmi,
3126 1151 3196 1205 et
3227 1141 3536 1205 omnium
3577 1140 3871 1202 fratrum

2242 1246 2311 1299 et
2354 1254 2671 1298 sororum
2703 1236 2773 1297 S.
2808 1234 3235 1308 Catherinae,
3267 1234 3667 1318 praesentia
3706 1254 3877 1315 quo·

2242 1349 2379 1410 que
2444 1328 2675 1391 fratris
2742 1328 3003 1391 Tomae
3068 1328 3341 1391 Domus
3406 1328 3475 1391 S.
3528 1326 3877 1401 Abundii,

2244 1422 2485 1485 vicarii
2512 1421 2861 1505 generalis
2892 1420 3123 1485 fratris
3154 1420 3537 1493 Benedicti,
3556 1419 3879 1501 magistri

2244 1516 2590 1597 generalis
2620 1516 2837 1579 totius
2873 1514 3156 1587 ordinis,
3190 1525 3505 1579 statuunt
3548 1513 3878 1577 unionem

2244 1611 2533 1672 duarum
2578 1610 2963 1671 Domorum
3008 1610 3077 1671 S.
3110 1608 3490 1671 Guillielmi
3531 1620 3601 1672 et
3644 1610 3720 1672 S.
3755 1606 3879 1671 Ca-

2242 1703 2576 1777 therinae,
2622 1703 2721 1767 ita
2751 1713 2828 1766 ut
2856 1704 3165 1767 secunda
3192 1702 3457 1785 primae
3488 1702 3875 1766 subiaceat.

2245 1910 2379 1971 245.
2410 1928 2489 1937 —
2532 1898 2709 1969 1328,
2746 1908 2898 1955 nov.
2934 1910 3034 1963 22,
3068 1888 3238 1961 XII,
3283 1890 3670 1955 Cremonae.
3706 1888 3879 1953 Dal-

2330 1982 2712 2049 l’Archivio
2756 1982 3017 2049 Storico
3060 1982 3405 2057 ,δἰὶιῖιὶιηο,
3450 1984 3591 2059 IV,
3647 1989 3835 2062 1878.

2330 2120 2574 2184 Frater
2630 2120 3047 2183 Tomasinus
3116 2118 3401 2202 eligitur
3458 2118 3764 2183 nuncius
3810 2130 3875 2181 et

2247 2213 2556 2276 sindicus
2601 2215 2892 2276 duarum
2949 2213 3357 2282 Domorum,
3406 2214 3495 2275 ad
3540 2212 3877 2293 recipien-

2249 2308 2404 2370 dam
2452 2326 2493 2371 a
2536 2306 2883 2389 Magistro
2943 2306 3251 2389 generali
3296 2306 3582 2369 Ordinis
3628 2306 3878 2369 confir-

2248 2401 2618 2463 mationem
2695 2410 2892 2463 actus
2965 2400 3242 2463 unionis
3317 2401 3611 2462 duorum
3688 2398 3877 2462 Con-

2248 2504 2606 2557 ventuum.

2248 2686 2382 2761 246.
2429 2678 2743 2761 -’1328,
2791 2680 2912 2743 dic.
2968 2701 3059 2761 17,
3116 2680 3283 2744 XII.
3346 2678 3879 2745 Dall'Archivio

2331 2772 2591 2839 Storico
2636 2772 2979 2847 Sz'ciliano,
3027 2774 3163 2849 IV,
3220 2778 3397 2854 1878.

2329 2912 2571 2975 Frater
2623 2912 3065 2984 Benedictus,
3120 2912 3459 2994 magister
3524 2911 3879 2995 generalis

2248 3006 2459 3070 totius
2505 3006 2768 3070 ordinis
2812 3005 3380 3079 Humiliatorum,
3414 3026 3571 3069 cum
3602 3006 3877 3069 Domus

2247 3099 2785 3163 Humiliatorum
2862 3098 2931 3161 S.
3005 3098 3417 3161 Catherinae
3492 3098 3877 3162 Cremonae

2246 3214 2425 3275 pene
2471 3193 2810 3273 dissipata
2854 3202 2923 3255 et
2968 3192 3059 3255 ad
3113 3191 3405 3255 nihilum
3451 3192 3745 3254 reducta
3792 3191 3878 3253 sit

2246 3298 2534 3369 propter
2576 3287 2889 3369 pericula
2932 3300 3001 3351 et
3032 3288 3285 3349 damna
3318 3287 3685 3360 bellorum,
3718 3308 3876 3350 con-

2247 3378 2475 3443 firmat
2521 3390 2589 3443 et
2633 3380 2977 3461 adprobat
3020 3380 3349 3443 unionem
3397 3381 3691 3443 duarum
3738 3380 3873 3443 Do-

2249 3494 2517 3537 morum
2562 3474 2631 3538 S.
2678 3473 3032 3537 Guilielmi
3078 3483 3147 3537 et
3190 3474 3260 3537 S.
3304 3473 3743 3539 Catherinae.

2248 3698 2385 3759 247.
2428 3714 2512 3727 --
2586 3698 2744 3758 1329
2803 3681 2990 3760 (1328
3058 3677 3246 3757 ina),
3314 3676 3451 3741 ian.
3528 3698 3637 3757 19,
3708 3678 3873 3749 XII,

2339 3774 2725 3838 Cremonae.
2770 3772 3004 3835 ASM.

2330 3910 2661 3973 Notarius
2750 3917 3049 3972 testatur
3120 3906 3400 3989 legisse,
3472 3907 3871 3989 praesentia

2247 4004 2512 4085 aliquot
2577 4002 2860 4066 testium
2926 4012 2995 4065 et
3062 4002 3510 4076 notariorum,
3578 4001 3647 4063 in
3696 4001 3873 4063 libro

2246 4098 2835 4169 lamentationum,
2868 4094 3436 4178 appellationum,
3474 4114 3873 4159 excommu-

2248 4190 2689 4262 nicationum,
2752 4189 3251 4252 sententiarum
3318 4186 3729 4267 ete.,officii
3778 4188 3871 4250 iu·

2250 4285 2479 4347 stitiae
2551 4284 2961 4347 clericorum
3028 4284 3428 4355 Cremonae,
3496 4284 3869 4363 quamdam

2248 4376 2659 4441 sententiam
2702 4398 2763 4439 a.
2816 4396 2997 4455 1324,
3050 4394 3230 4454 1325,
3277 4394 3489 4439 causa
3540 4376 3867 4437 lamenta-

2247 4471 2457 4533 tionis
2500 4471 2689 4552 apud
2732 4469 3213 4552 praepositum
3256 4470 3329 4531 S.
3374 4467 3669 4550 AEgidii,
3730 4470 3866 4531 Ho-

2250 4567 2627 4627 mobonum
2698 4562 3171 4644 iurisperitum
3252 4581 3382 4643 pro
3460 4562 3731 4625 clericis
3802 4574 3867 4624 et

2248 4658 2470 4740 laycis
2515 4668 2585 4721 et
2614 4656 3069 4720 Oldofredum
3100 4654 3555 4737 Piperarium,
3585 4667 3867 4737 propter

2252 4773 2463 4835 quam
2508 4750 2884 4813 massarius
2951 4750 3294 4813 consorcii
3362 4748 3591 4811 fratris
3634 4750 3863 4812 Zanini

2248 4848 2336 4909 de
2382 4846 2725 4909 Delmona
2787 4844 3387 4907 condamnabatur
3450 4845 3538 4905 ad
3598 4843 3863 4907 restitu-

2246 4940 2509 5003 tionem
2554 4939 2912 5002 cuiusdam
2957 4936 3197 5018 peciae
3241 4948 3487 4999 terrae.

2248 5131 2382 5206 248.
2458 5162 2537 5170 --
2620 5144 2798 5202 1329,
2888 5121 3025 5185 ian.
3116 5128 3215 5197 26,
3283 5124 3453 5197 XII,
3524 5122 3586 5187 d.
3662 5122 3857 5188 Piscis.

2328 5220 2651 5293 Bohmor‚
2704 5223 2805 5301 op.
2852 5216 2958 5280 cit.
3007 5224 3150 5296 804.

2332 5356 2635 5418 Litterae
2680 5355 3016 5418 Ludovici
3076 5353 3515 5438 imperatoris
3560 5358 3647 5418 ad
3692 5356 3857 5418 Pon-

2250 5450 2477 5513 zinum
2518 5452 2602 5512 de
2640 5449 3101 5526 PonzonibuS,
3149 5450 3437 5513 militem
3471 5469 3853 5512 cremonen-
