4050 6109
516 275 593 333 42
1519 264 1784 317 CODICE
1827 265 2342 317 DIPLOMATICO
2384 265 2836 317 CREMONESE

516 521 900 588 suprascripto
935 518 1133 574 debito
1168 520 1336 573 sortis
1371 526 1430 573 et
1465 535 1787 583 usurarum,
1825 520 1970 573 facta
2006 518 2138 571 dili-

512 599 672 667 genti
707 598 934 652 racione
969 613 1072 664 per
1096 596 1398 651 massarios
1421 596 1624 663 gabele
1650 596 1747 663 qui
1785 604 1918 651 sunt
1951 604 2008 650 et
2032 612 2137 663 pro

515 674 872 742 temporibus
923 682 1122 736 erunt,
1159 674 1476 727 secundum
1524 673 1766 727 formam
1793 673 1946 728 ·dicti
1995 690 2139 727 con-

514 761 745 807 tractus.
785 752 859 805 Et
893 750 1051 819 quod
1091 750 1344 804 massarii
1380 750 1583 815 gabele
1619 751 1719 817 qui
1763 758 1897 805 sunt
1931 758 1989 805 et
2033 766 2138 817 pro

515 828 872 895 temporibus
906 836 1074 882 erunt
1107 836 1410 881 teneantur
1435 835 1493 881 et
1518 826 1768 881 debeant
1790 828 2018 882 vinculo
2052 843 2140 881 sa-

516 905 792 960 cramenti
837 920 940 973 pro
984 905 1150 959 dictis
1193 903 1452 971 pedagiis
1499 912 1556 957 et
1599 904 1820 970 gabelis
1855 922 1970 972 que
2003 919 2140 970 per-

519 984 748 1037 venient
773 983 826 1037 in
856 982 1010 1049 ipsos
1029 982 1101 1035 de
1126 981 1280 1035 dicto
1297 981 1416 1034 sale
1435 990 1494 1034 et
1517 982 1937 1045 mercatandii3‚
1961 998 2139 1049 quem

517 1061 696 1113 salem
732 1058 970 1126 predicti
1005 1058 1080 1111 de
1103 1058 1534 1111 cavalcabobus
1568 1058 1892 1111 conducent
1915 1066 1975 1111 et
1997 1073 2141 1110 con-

517 1137 650 1190 duci
685 1136 891 1189 facient
925 1151 1026 1201 per
1061 1152 1124 1189 se
1161 1134 1249 1187 vel
1285 1150 1389 1201 per
1422 1150 1626 1187 eorum
1661 1134 1890 1197 amicos,
1917 1134 2140 1187 solvere

517 1223 575 1267 et
610 1212 956 1280 integraliter
991 1212 1312 1265 satisfacere
1347 1210 1513 1265 dictis
1548 1211 1786 1264 domino
1822 1210 2060 1277 Aloysio
2084 1219 2143 1263 et
2189 1260 2193 1300 Ι
2242 1229 2573 1292 massario
2631 1232 2951 1313 gabellae
3021 1236 3145 1295 260
3192 1230 3407 1295 libras
3472 1232 3715 1315 imper.
3761 1253 3849 1295 ex

519 1290 783 1344 fratribus
819 1305 1004 1357 usque
1037 1288 1111 1341 ad
1158 1296 1581 1355 competentem
1618 1288 1964 1341 solutionem
2003 1286 2140 1340 dicti

517 1366 715 1427 debiti,
754 1366 921 1419 sortis
955 1374 1012 1419 et
1047 1363 1184 1419 doni
1220 1364 1540 1417 secundum
1576 1364 1817 1418 formam
1842 1364 1977 1418 dicti
1999 1380 2143 1418 con-

520 1451 730 1496 tractus
765 1441 888 1494 sine
927 1440 1338 1508 inquietatione
1373 1440 1698 1507 aliquorum
1734 1447 2020 1493 rectorum
2051 1439 2142 1490 vel

519 1594 778 1662 pedagiis
813 1603 872 1647 et
904 1593 1130 1660 gabella
1163 1609 1277 1660 que
1302 1593 1640 1659 pervenient
1673 1593 1732 1645 in
1767 1592 1951 1647 dictos
1987 1608 2145 1644 mas-

2237 528 2457 591 usque
2502 509 2593 573 ad
2646 514 2717 571 18
2762 509 2941 572 mad.
2998 510 3179 591 1314)
3251 509 3619 574 confitetur
3664 530 3845 574 acce-

2234 603 2421 685 pisse
2466 623 2593 684 pro
2632 613 2827 683 parte
2872 602 3104 665 salarii
3152 604 3257 667 sui
3305 614 3375 667 et
3420 604 3843 668 soldatorum

2237 715 2517 759 suorum
2563 718 2605 759 a
2646 696 2982 761 massario
3025 698 3347 780 gabellae
3378 719 3500 778 933
3538 700 3754 761 libras
3782 708 3848 761 et

2238 789 2471 853 soldos
2518 810 2551 852 2
2598 790 2841 871 imper.

2188 1063 2192 1090 Ι
2238 1016 2361 1077 174.
2406 1035 2489 1045 -
2542 1020 2718 1078 1314,
2806 998 2895 1063 id.
2942 999 3030 1064 id.
3118 1002 3213 1073 D,
3270 1021 3404 1064 100.

2322 1134 2728 1199 Praedictus
2762 1135 2995 1200 Guido
3025 1136 3396 1201 confitetur
3428 1138 3785 1219 accepisse
3814 1160 3854 1201 a

2240 1322 2375 1385 illis
2424 1343 2546 1401 340
2588 1323 2785 1387 libris
2830 1346 3007 1407 quas
3070 1325 3327 1388 habere
3386 1326 3687 1389 debebat
3730 1346 3855 1407 pro

2191 1431 2196 1510 j
2243 1416 2493 1479 salario
2539 1416 2910 1482 vicariatus
2942 1418 3049 1482 sui
3084 1418 3466 1482 Cremonae
3496 1440 3537 1483 a
3570 1440 3645 1483 22
3682 1421 3856 1483 mad.

520 1518 847 1572 officialium
884 1517 1206 1571 communis
1244 1517 1548 1569 Cremone.
1589 1518 1661 1571 Et
1696 1517 1855 1583 quod
1879 1515 1951 1569 de
1976 1515 2143 1569 dictis
2191 1521 2195 1532 '

2242 1528 2464 1591 usque
2509 1510 2599 1571 ad
2652 1530 2721 1572 12
2768 1511 2887 1574 iul.

521 1672 700 1725 sarios
737 1670 912 1723 modo
949 1670 1206 1735 predicto
1241 1686 1358 1723 non
1403 1668 1625 1735 possint
1657 1669 1790 1723 alibi
1836 1685 1944 1722 nec
1979 1668 2145 1721 aliter

523 1747 790 1815 expendi.
849 1748 922 1800 Et
972 1746 1130 1813 quod
1175 1756 1470 1813 presentes
1514 1745 1768 1800 massarii
1808 1746 1897 1799 vel
1950 1745 2145 1808 futuri,
2190 1728 2197 1816 1
2242 1728 2365 1790 175.
2396 1747 2477 1757 ““
2518 1731 2694 1791 ¹3¹4’
2718 1732 2876 1796 aug·
2904 1734 3003 1791 30,
3030 1715 3199 1788 XII»
3230 1714 3615 1779 cremonae·
3640 1717 3737 1791 D,
3762 1720 3857 1794 98.

522 1826 680 1893 prius
730 1825 902 1910 fac-ta·
929 1822 1186 1889 diligenti
1240 1822 1459 1875 ratione
1503 1822 1626 1875 eius
1679 1822 1838 1889 quod
1892 1822 2145 1887 recipere
2192 1885 2197 1924 Ι
2328 1846 2605 1910 Fratres
2671 1859 2740 1912 et
2798 1850 3092 1913 heredes
3136 1850 3489 1914 Guilielmi
3538 1851 3860 1916 cavalca-

522 1902 738 1956 debent
771 1900 904 1952 dicti
943 1899 1140 1952 fratres
1175 1898 1250 1951 de
1287 1898 1720 1952 Cavalcabobus
1755 1898 1827 1951 de
1865 1915 1936 1952 eo
1983 1897 2143 1965 quod

523 1978 796 2045 recipient
835 1975 1010 2029 modo
1035 1974 1312 2041 predicto,
1338 1983 1640 2028 teneantur
1665 1975 1718 2027 in
1746 1983 1933 2029 totum
1971 1975 2062 2027 vel
2086 1974 2143 2027 in
2192 1953 2197 2052 1
2243 1941 2448 2003 bOViS
2506 1940 2925 2049 confitenfur
2993 1944 3339 2027 recepisse
3403 1966 3444 2007 a
3510 1946 3863 2008 massariis

525 2063 746 2122 partem
770 2052 992 2107 solvere
1017 2051 1182 2104 dictis
1217 2050 1467 2105 dominis
1492 2050 1728 2117 Aloysio
1765 2060 1823 2104 et
1857 2050 2143 2112 fratribus,
2246 2034 2563 2117 gabellae
2617 2041 2731 2116 189
2776 2036 2991 2099 llbras
3057 2048 3124 2101 et
3186 2044 3222 2101 8
3269 2039 3506 2101 soldos
3552 2046 3623 2101 et
3670 2044 3707 2102 8
3757 2042 3859 2102 de·

526 2130 786 2184 faciendo
817 2128 934 2183 fieri
965 2128 1355 2181 confessiones
1377 2126 1544 2182 dictis
1566 2127 1815 2182 dominis
1841 2128 2065 2181 Aloisio
2089 2138 2147 2181 et
2194 2173 2197 2184 .
2246 2127 2476 2191 narios
2522 2128 2763 2209 imper.
2809 2132 2896 2193 de
2942 2130 3078 2193 illis
3134 2137 3259 2209 480
3302 2132 3499 2195 libris
3542 2153 3723 2214 quas
3768 2154 3859 2197 re-

529 2205 794 2259 sratribus
817 2204 892 2257 de
918 2220 989 2257 eo
1027 2203 1180 2271 quod
1217 2219 1444 2269 semper
1469 2203 1759 2271 recipient.
1787 2204 1860 2257 Et
1895 2204 2004 2257 hoc
2028 2220 2145 2258 non
2194 2219 2197 2242 ¹
2246 2221 2476 2303 cipere
2523 2221 2779 2286 debent
2822 2242 2950 2305 pro
2988 2222 3321 2287 interesse
3360 2226 3841 2289 6001ibrarum

526 2281 887 2336 obstantibus
921 2280 1208 2347 aliquibus
1243 2280 1488 2341 statutiS,
1514 2280 1934 2346 provisionibus
1968 2290 2027 2333 et
2064 2298 2147 2334 re-
2246 2334 2421 2395 quas
2484 2325 2979 2379 mutuaverunt
3045 2318 3415 2393 communi,
3482 2338 3709 2401 usque
3774 2276 3861 2381 λό’

529 2356 964 2411 formationibus
1009 2356 1169 2410 factis
1203 2356 1294 2409 vel
1340 2355 1544 2409 fiendis
1578 2357 1634 2411 in
1672 2356 2020 2411 contrarium
2064 2358 2145 2411 lo·
2194 2403 2198 2428 ,
2296 2406 2309 2420 ,
3006 2410 3019 2425 ,
3104 2410 3118 2423 ,

527 2434 857 2502 quentibus,
883 2432 1042 2487 salvo
1073 2448 1300 2501 semper
1320 2431 1481 2500 quod
1507 2434 1612 2489 hec
1636 2452 1750 2489 non
1789 2434 2147 2501 preiudicent
2192 2445 2199 2569 Ι
2245 2408 2427 2471 dlem
2475 2428 2552 2487 ²9
2598 2419 2772 2491 sept·
2818 2429 3123 2493 proximi
3150 2410 3259 2493 (V·
3285 2432 3344 2475 a·
3382 2432 3560 2491 1314,
3586 2411 3761 2475 febr·
3788 2414 3861 2493 8)·

526 2511 797 2565 solutioni
849 2510 1199 2577 presentium
1253 2510 1443 2562 vicarii
1497 2520 1554 2563 et
1605 2512 1886 2579 capitanei
1941 2528 2147 2578 supra-

529 2588 890 2654 scriptorum.
935 2585 1031 2640 Ad
1077 2602 1191 2654 que
1243 2587 1486 2640 surrexit
1537 2586 1808 2643 dominus
1855 2589 2146 2643 Ottolinus
2193 2570 2199 2642 i

529 2665 604 2719 de
639 2663 938 2718 Casamala
975 2671 1033 2716 et
1067 2662 1354 2716 consuluit
1388 2663 1548 2729 quod
1595 2664 1747 2719 dicta
1789 2664 1998 2731 peticio
2042 2682 2144 2719 seu
2194 2679 2198 2700 ¹
2244 2634 2367 2707 ¹7⁶·
2415 2666 2494 2675 -
2550 2650 2725 2709 ¹3¹4’
2758 2630 2888 2694 dcc·
2925 2652 3021 2709 3¹’
3049 2634 3253 2705 ΧῙῙῙ»
3288 2636 3603 2697 Parmae·
3635 2637 3733 2708 D»
3764 2656 3859 2716 97·

529 2739 806 2807 scriptura
831 2740 903 2792 sit
927 2738 1090 2791 firma
1115 2739 1169 2791 in
1195 2738 1465 2792 omnibus
1492 2756 1596 2805 pro
1629 2750 1690 2795 ut
1713 2742 1877 2805 iacet,
1904 2749 1963 2795 et
1985 2744 2145 2810 quod
2193 2737 2198 2814 ζ

527 2819 584 2871 in
620 2833 689 2870 ea
725 2814 1064 2881 procedatur
1097 2829 1206 2879 pro
1245 2822 1308 2867 ut
1351 2814 1408 2867 in
1458 2832 1526 2867 ea
1569 2817 1842 2882 scriptum
1887 2826 1993 2879 est,
2040 2818 2147 2871 ali-

525 2893 738 2961 quibus
771 2890 1192 2957 provisionibus
1227 2891 1726 2946 reformationibus
1749 2902 1807 2947 et
1841 2894 2065 2948 statutis
2088 2895 2141 2947 in

526 2968 874 3023 contrarium
911 2967 1280 3035 loquentibus
1316 2984 1432 3020 non
1459 2968 1838 3023 obstantibus.
1879 2970 1951 3023 Et
1986 2971 2146 3037 quod

527 3053 777 3098 rectores
823 3051 1117 3109 presentes
1168 3050 1227 3096 et
1267 3041 1369 3109 qui
1420 3059 1526 3109 pro
1579 3044 1934 3110 temporibus
1979 3055 2148 3100 erunt
2194 3037 2197 3052 '

527 3120 756 3175 vinculo
793 3118 1131 3174 sacramenti
1168 3118 1422 3185 predicta
1458 3118 1576 3173 fieri
1628 3120 1810 3174 facere
1846 3130 2148 3176 teneantur

527 3208 584 3252 et
620 3198 849 3264 exequi.
901 3198 974 3249 Et
1017 3194 1176 3264 quod
1221 3196 1476 3250 massarii
1525 3206 1822 3263 presentes
1865 3207 1923 3252 et
1974 3197 2146 3252 futuri

526 3274 781 3340 predicta
825 3274 1081 3327 similiter
1115 3272 1302 3325 facere
1342 3281 1644 3327 teneantur
1685 3273 1914 3327 vinculo
1955 3291 2151 3328 sacra-

529 3351 726 3403 menti.
780 3350 950 3403 Unde
986 3350 1136 3403 sacto
1175 3349 1384 3415 partito
1420 3366 1522 3415 per
1555 3350 2002 3417 suprascriptum
2040 3350 2150 3405 do—

530 3427 753 3480 minum
781 3426 1082 3493 Phylipum
1099 3441 1232 3479 cum
1257 3426 1474 3479 busolis
1493 3426 1802 3480 infaldratis
1821 3435 1879 3480 et
1902 3427 2145 3489 ballotiS,

528 3504 688 3557 lectis
723 3503 880 3569 prius
916 3502 1244 3557 nominibus
1279 3510 1338 3555 et
1379 3501 1596 3555 vocatis
1639 3502 2023 3557 credenderiis
2076 3502 2149 3556 ad

527 3589 731 3643 stazaz,
771 3578 846 3631 illi
883 3579 982 3645 qui
1026 3579 1331 3633 voluerunt
1375 3576 1587 3631 dictam
1642 3578 1976 3643 petitionem
2019 3596 2149 3633 esse

532 3658 754 3711 firmam
791 3666 848 3709 et
883 3656 1098 3709 dictum
1145 3654 1278 3708 dicti
1329 3654 1542 3707 domini
1581 3654 1818 3710 Ottolini
1869 3665 2148 3723 ponentes

531 3751 734 3787 manus
770 3750 904 3786 suas
941 3732 996 3785 in
1032 3732 1314 3787 ambabus
1349 3731 1615 3793 bussoliS,
1653 3732 1748 3785 ille
1785 3732 1996 3787 ballote
2035 3750 2147 3800 que

529 3811 758 3863 fuerunt
794 3811 848 3863 in
875 3808 1107 3864 bussola
1142 3808 1398 3862 vermilia
1420 3808 1775 3875 approbante
1798 3808 2009 3862 dictam
2046 3826 2148 3877 pe-

531 3887 798 3940 ticionem
835 3894 893 3939 et
936 3886 1154 3939 dictum
1189 3884 1324 3938 dicti
1371 3884 1588 3937 domini
1635 3885 1876 3939 Ottolini
1920 3885 2149 3939 fuerunt

529 3972 760 4017 centum
796 3962 1176 4029 quadraginta
1199 3977 1320 4024 sex,
1359 3959 1452 4013 ille
1487 3977 1624 4013 vero
1649 3962 1858 4014 ballote
1895 3979 2010 4029 que
2036 3962 2150 4015 fue·

529 4049 662 4093 runt
697 4047 918 4104 reperte
956 4039 1011 4091 in
1038 4036 1269 4091 bussola
1296 4036 1498 4103 glauca
1520 4053 1636 4104 que
1671 4037 2014 4104 reprobabat
2036 4039 2151 4092 dic-

529 4124 646 4171 tam
683 4117 1017 4183 petitionem
1070 4124 1129 4169 et
1178 4115 1399 4170 dictum
1451 4113 1588 4168 dicti
1640 4114 1860 4170 domini
1913 4116 2151 4170 Ottolini

531 4193 759 4247 suerunt
796 4191 1205 4247 numero'due.

598 4290 636 4355 «Ι-
675 4290 798 4355 Ego
839 4286 1232 4353 Henrighinus
1265 4286 1341 4339 de
1377 4285 1681 4347 CaresiniS,
1719 4287 1973 4342 notarius
2007 4288 2149 4340 sacri

531 4365 732 4431 palacii
767 4374 826 4418 et
870 4373 1006 4419 tunc
1049 4364 1292 4417 dictator
1334 4363 1658 4418 communis
1693 4364 2005 4425 Cremone,
2044 4365 2151 4417 hiis

531 4442 800 4496 omnibus
836 4451 892 4494 et
927 4440 1166 4507 singulis
1199 4439 1597 4507 suprascriptis
1633 4440 1856 4495 interfui
1905 4450 1962 4495 et
2005 4442 2153 4496 hanc

532 4526 747 4571 cartam
783 4526 1015 4583 rogatus
1049 4516 1266 4584 scripsi.

535 4710 659 4769 172.
705 4726 784 4735 —-
839 4709 1014 4768 1314,
1061 4710 1189 4752 ma.
1241 4710 1295 4769 7,
1345 4689 1474 4762 XI,
1522 4689 1877 4752 Adantuae.
1910 4689 2078 4753 AG.

619 4809 1140 4871 Testamentum
1169 4810 1230 4871 N
1238 4807 1518 4871 icholini
1552 4809 1638 4870 de
1673 4808 1998 4881 Dovaria‚
2027 4807 2147 4872 filii

537 4924 602 4984 q.
647 4901 992 4965 Gandioni
1039 4903 1124 4964 de
1167 4901 1492 4976 Dovaria,
1526 4912 1593 4965 et
1623 4902 1842 4984 patris
1872 4902 2147 4977 Annae,

536 5016 675 5078 quo
719 4994 930 5057 filiam
977 5015 1170 5057 suam
1214 4996 1541 5059 heredem
1587 4996 1905 5060 instituit.

535 5220 659 5279 173.
693 5237 772 5245 —-
807 5220 981 5279 1314,
1007 5222 1162 5285 aug.
1194 5222 1288 5281 24,
1317 5202 1485 5275 XII,
1521 5202 1900 5267 Cremonae.
1927 5204 2021 5275 J),
2050 5224 2150 5282 99.

625 5316 857 5381 Guido
889 5318 975 5381 de
1005 5320 1521 5383 Porenzonibus
1563 5320 1964 5401 capitaneus
1995 5321 2149 5383 Cre-

541 5432 790 5477 monae
831 5432 961 5499 pro
1003 5433 1173 5499 rege
1207 5414 1528 5478 Roberto
1573 5418 1636 5497 (a
1675 5424 1746 5479 18
1779 5436 1939 5477 nov.
1993 5436 2148 5495 1313

2328 2765 2659 2830 Gibertus
2682 2770 2769 2831 de
2799 2768 3001 2832 Coria
3030 2769 3353 2854 (Corigia)
3370 2818 3383 2843 ‚
3416 2772 3709 2835 Parmae
3737 2793 3859 2853 pro

2246 2878 2412 2941 rege
2462 2859 2783 2924 Roberto
2836 2862 3236 2943 capitaneus
3281 2875 3350 2927 et
3403 2878 3857 2929 mercatorum

2243 2963 2571 3033 potestaS,
2590 2955 2947 3018 constituit
2968 2956 3487 3041 Bencivegnam
3514 2962 3856 3041 quondam

2245 3045 2441 3108 Nacii
2487 3048 2574 3109 de
2639 3047 2990 3113 Florentia
3048 3063 3568 3130 procuratorem
3635 3073 3853 3125 suum,

2245 3139 2333 3200 ad
2376 3139 2849 3221 recipiendum
2880 3164 2923 3204 a
2952 3164 3199 3205 comm.
3232 3143 3613 3209 Cremonae
3648 3157 3857 3209 totam

2246 3232 2609 3311 pecuniam
2657 3254 2865 3317 quam
2910 3238 3167 3300 habere
3210 3239 3439 3301 debet.

2246 3464 2370 3525 177.
2400 3480 2479 3493 -
2516 3466 2692 3527 1315,
2710 3454 2856 3532 apr.
2884 3456 2975 3520 18,
2998 3451 3204 3524 XIII,
3224 3452 3607 3515 Cremonae.
3629 3452 3857 3517 ASM.

2332 3581 2715 3647 Abbatissa
2758 3598 2827 3648 et
2871 3607 3146 3650 sorores
3192 3586 3261 3649 S.
3308 3588 3621 3663 Abrami,
3682 3610 3855 3671 quae

2248 3676 2318 3737 in
2390 3678 2810 3741 monasterio
2884 3680 2953 3742 S.
3028 3682 3411 3745 Salvatoris
3482 3681 3856 3746 Cremonae

2246 3770 2654 3835 habitabant
2697 3773 2859 3835 belli
2906 3794 3137 3847 causa,
3184 3775 3451 3860 eligunt
3494 3796 3701 3840 unam
3746 3798 3854 3859 pe-

2250 3864 2411 3926 tiam
2454 3875 2700 3940 terrae,
2762 3887 2969 3949 quarn
3014 3871 3295 3931 tenebat
3340 3869 3728 3933 Andriolus
3772 3870 3854 3933 de

2248 3956 2575 4035 Vericli0,
2618 3981 2661 4023 a
2712 3960 2910 4023 cuius
2975 3960 3123 4025 iure
3170 3962 3514 4027 ceciderat
3572 3978 3849 4046 propter

2250 4052 2704 4117 cessationem
2750 4052 2913 4117 ficti.

2248 4264 2373 4337 178.
2408 4298 2484 4305 —
2526 4278 2701 4340 1315,
2727 4264 2843 4323 oct.
2872 4281 2925 4341 7,
2952 4262 3077 4325 XI
3092 4262 3163 4337 V,
3192 4264 3573 4327 Cremonae.
3598 4264 3694 4339 D,
3730 4284 3853 4327 102.

2333 4396 2763 4460 Conradinus
2836 4399 2922 4461 de
2968 4397 3511 4475 ConsanoneriiS,
3558 4402 3853 4465 vicarius

2250 4490 2647 4563 Cremonae,
2680 4490 3049 4555 confitetur
3082 4492 3425 4573 recepisse
3471 4516 3511 4557 a
3534 4496 3853 4559 massario

2251 4585 2569 4665 gabellae
2615 4595 2683 4648 et
2730 4586 2793 4647 d.
2852 4586 3083 4668 Regis
3137 4607 3295 4649 1000
3360 4587 3571 4651 libras
3622 4590 3853 4670 imper.

2250 4691 2318 4740 et
2362 4700 2404 4740 a
2447 4680 2781 4741 massario
2827 4680 3145 4761 gabellae
3189 4692 3259 4743 et
3304 4682 3689 4745 communis
3736 4702 3849 4744 200

2250 4772 2463 4834 libras
2507 4772 2670 4856 imp.
2716 4792 2845 4856 pro
2890 4772 3099 4837 feudo
3146 4784 3213 4837 et
3259 4775 3511 4837 salario
3558 4797 3703 4839 suo,

2250 5012 2373 5073 179.
2398 5030 2479 5040 -—-
2514 5012 2689 5074 1315,
2716 4994 2847 5057 dec.
2877 5016 2931 5069 2,
2961 4996 3170 5072 XIV,
3200 4998 3582 5061 Cremonae.
3608 4998 3698 5069 D,
3728 5016 3850 5059 102.

2333 5130 2775 5194 Lancellotus
2842 5134 2927 5195 de
2988 5133 3287 5197 Nazellis
3352 5132 3719 5197 confitetur
3757 5153 3849 5195 re-

2252 5224 2521 5306 cepisse
2586 5245 2626 5286 a
2689 5226 3040 5291 massariis
3108 5228 3425 5311 gabellae
3488 5228 3643 5291 illas
3706 5246 3851 5290 1200

2253 5318 2466 5381 libras
2531 5318 2693 5401 imp.
2762 5340 2933 5401 quas
3001 5320 3191 5385 dedit
3237 5332 3476 5385 mutuo
3520 5319 3847 5385 communi

2260 5431 2414 5493 1315
2464 5434 2608 5495 apr.
2658 5433 2756 5493 3ο.
