4050 6109
532 275 652 352 138

1518 285 1788 336 CODICE
1830 287 2349 338 DIPLOMATICO
2394 287 2849 340 CREMONESE

517 540 750 594 turum
817 528 1382 602 concederentur,
1439 527 1652 592 salvis
1703 539 1938 592 tamen
1990 548 2145 610 pro-
2240 536 2555 600 Cremone,
2592 546 2855 603 tempore
2906 538 3201 606 regiminis
3250 541 3473 594 domini
3520 542 3733 596 Iacomi
3784 543 3859 596 de

521 621 911 686 visionibus
956 621 1042 683 de
1096 621 1261 683 vino
1305 620 1696 696 vernaciae,
1744 621 2139 696 malvasiae,

509 715 780 779 -decreti
811 723 880 776 et
909 715 1135 777 ribelli
1167 716 1254 795 (v.
1287 735 1347 778 a.
1394 719 1570 795 1296,
1603 715 1745 779 iun.
1779 716 1901 795 24).

511 920 613 982 72.
659 939 744 951 --
795 922 972 981 1299,
1018 921 1169 964 nov.
1224 921 1317 980 19,
1351 899 1558 975 XIII,
1604 898 1649 963 l.
1679 899 1754 963 in
1783 921 1962 964 cons.
1984 899 2137 985 gab.

609 997 994 1062 Cremonae.
1035 995 1104 1068 C,
1145 1015 1242 1075 70.

600 1135 917 1208 Provisio
961 1119 1277 1216 gabellae
1323 1133 1513 1214 quod
1569 1141 1838 1214 septem
1896 1131 2139 1194 coblae

513 1228 1028 1312 gabellatorum
1051 1246 1209 1290 cum
1225 1227 1499 1288 duobus
1515 1224 1968 1305 sapientibus,
1997 1243 2137 1287 uno

517 1321 792 1386 notario
836 1331 905 1384 et
933 1321 1152 1384 altero
1195 1319 1421 1402 lay00,
1468 1329 1539 1381 et
1567 1338 1705 1381 uno
1752 1319 1971 1381 altero
2015 1337 2137 1380 no-

513 1416 694 1480 tario
737 1415 840 1478 ire
883 1415 1185 1477 debeant
1240 1432 1368 1494 per
1410 1411 1802 1476 districtum
1859 1411 2136 1476 Cremo-

519 1528 670 1581 nae,
715 1528 843 1590 pro
889 1506 1285 1570 reducendo
1329 1506 1402 1568 in
1442 1504 1722 1586 scriptis
1767 1504 1998 1585 capita
2041 1502 2137 1567 fa·

521 1602 864 1665 miliarum
895 1600 1202 1663 omnium
1236 1598 1697 1661 habitantium
1721 1598 1793 1660 in
1819 1596 2137 1660 districtu

513 1707 590 1760 et
619 1695 1076 1778 quantitatem
1123 1713 1382 1767 eorum,
1419 1691 1772 1774 quomodo
1816 1688 1895 1753 fit
1933 1690 2006 1752 in
2051 1691 2139 1754 ci-

517 1789 735 1853 vitate
781 1799 852 1852 et
894 1784 1267 1859 suburbiiS,
1315 1788 1403 1849 de
1435 1785 1765 1866 expensis
1797 1783 2137 1867 gabellae,

516 1895 594 1950 ut
615 1902 856 1946 omnes
878 1880 1196 1944 homines
1219 1899 1448 1943 emere
1472 1889 1541 1941 et
1573 1878 1812 1942 vivere
1837 1878 2139 1942 debeant

518 1979 608 2043 de
653 1976 797 2040 sale
840 1975 1180 2059 gabellae.

517 2185 612 2244 73.
658 2201 741 2211 —
793 2183 970 2243 1299,
1017 2161 1148 2225 dec.
1195 2181 1288 2234 10,
1321 2158 1530 2234 XIII,
1572 2160 1954 2232 Cremonae,
1985 2155 2031 2220 l.
2062 2155 2137 2220 in

600 2279 776 2322 cons.
803 2254 1124 2340 gabellae.
1179 2255 1246 2330 C,
1295 2273 1394 2333 71.

599 2391 920 2456 Provisio
951 2391 1270 2474 gabellae
1299 2390 1488 2472 quod
1523 2385 1937 2451 Laurentius
1973 2383 2137 2468 Qui-

516 2487 708 2552 rinus
753 2497 823 2549 et
866 2485 1217 2569 quaelibet
1261 2483 1396 2546 alia
1435 2501 1738 2564 persona
1777 2479 2004 2562 possit
2034 2499 2138 2542 se-

515 2599 680 2645 cure
722 2579 1108 2642 conducere
1153 2597 1194 2639 a
1237 2577 1522 2640 civitate
1550 2574 2004 2638 Venetiarum
2048 2573 2137 2636 ad

515 2675 927 2742 Cremonam
986 2682 1055 2735 et
1101 2673 1190 2735 ab
1246 2671 1408 2734 inde
1461 2688 1676 2751 supra
1726 2668 1943 2730 salem
2009 2667 2140 2730 sol-

515 2768 743 2832 vendo
790 2767 1008 2838 dacia,
1057 2765 1431 2828 dummodo
1473 2783 1613 2826 non
1649 2761 1872 2843 possit
1916 2759 2135 2824 disca-

511 2881 756 2944 1030το
802 2880 962 2924 011111
1004 2860 1079 2923 111
1114 2859 1542 2939 episcopatu.
2178 2869 2185 2955 J

509 3073 604 3132 74.
653 3086 728 3096 —
785 3069 961 3129 1299,
1009 3046 1140 3110 dec.
1177 3067 1274 3124 31,
1312 3043 1516 3116 XJJL
1550 3044 1934 3116 Cremonae,
1979 3040 2024 3106 l.
2057 3040 2132 3104 in

591 3165 766 3208 cons.
805 3141 1124 3228 gabellae.
1166 3140 1232 3213 C,
1269 3159 1366 3220 72.

590 3278 908 3343 Provisio
951 3276 1269 3360 gabellae
1314 3275 1503 3357 quod
1561 3281 1968 3356 praesentes
2011 3289 2131 3353 ga·

507 3373 879 3436 bellatores
910 3383 979 3434 et
1001 3369 1324 3451 proxime
1345 3366 1621 3431 venturi
1655 3367 1798 3429 sint
1827 3364 2131 3428 absoluti

509 3485 552 3528 a
583 3465 984 3547 provisione
1013 3485 1073 3526 a.
1113 3482 1292 3542 1294,
1323 3461 1478 3532 VII,
1523 3479 1650 3542 per
1679 3478 1888 3542 quarn
1920 3477 2129 3540 quae·

509 3559 684 3623 libet
740 3559 942 3621 cobla
997 3556 1505 3641 gabellatorum
1561 3562 1838 3616 tenetur
1903 3550 2130 3615 consi-

509 3671 726 3738 gnare
747 3650 1265 3715 successoribus
1288 3649 1434 3712 suis
1455 3669 1498 3712 a
1519 3647 1790 3711 salariis
1813 3645 2132 3727 gabellae

513 3765 636 3810 200
680 3745 950 3810 modios
995 3744 1178 3815 salis,
1226 3744 1446 3806 donec
1489 3740 1714 3823 possit
1753 3738 1997 3802 haberi
2044 3739 2132 3802 de

509 3840 779 3904 salariis
822 3837 1274 3902 Venetiarum
1318 3835 1674 3917 pulchrior
1717 3833 1841 3897 sal.

510 4046 604 4108 75.
649 4064 732 4073 —
785 4045 943 4104 1300
993 4028 1184 4108 (1299
1248 4022 1418 4104 ina),
1487 4042 1690 4085 marc.
1765 4043 1840 4084 1o
1903 4024 1971 4084 et
2035 4039 2129 4098 19,

593 4119 803 4193 XIII,
851 4119 894 4183 l.
941 4118 1015 4181 in
1067 4139 1244 4182 cons.
1294 4115 1447 4199 gab.
1515 4116 1881 4181 Cremonae
1939 4119 2006 4178 et
2056 4114 2130 4178 in

591 4235 768 4277 cons.
805 4234 964 4298 gen.
999 4210 1259 4296 populi.
1299 4211 1368 4286 C,
1412 4231 1510 4292 73.

591 4349 911 4413 Provisio
956 4348 1274 4431 gabellae
1319 4348 1509 4430 quod
1551 4345 1934 4429 Florentini
1977 4365 2133 4428 pos-

510 4444 647 4508 sint
675 4443 893 4505 libere
938 4453 1008 4505 et
1052 4461 1294 4505 secure
1339 4444 1438 4504 ire
1469 4441 1697 4504 redire
1727 4451 1797 4504 et
1841 4450 2027 4503 stare
2058 4439 2130 4507 in

509 4535 794 4600 civitate
839 4545 908 4598 et
951 4535 1270 4598 districtu
1300 4533 1680 4597 Cremonae
1717 4553 1876 4596 011111
1919 4553 2128 4596 avere

511 4641 580 4694 et
621 4628 960 4711 personiS,
1007 4637 1078 4690 et
1121 4627 1260 4690 sint
1295 4628 1426 4690 sub
1468 4627 1900 4708 protectione
1944 4646 2128 4690 com-

507 4722 756 4797 munie,
801 4732 872 4784 et
915 4721 975 4784 si
1004 4720 1265 4803 aliquid
1297 4730 1538 4784 contra
1565 4740 1687 4782 eos
1716 4719 2130 4783 tractabitur

509 4817 762 4879 debeat
833 4813 1184 4877 communi
1267 4812 1657 4876 Florentiae
1736 4812 2128 4877 denuntiari

507 4927 636 4990 per
675 4917 818 4970 tres
861 4925 1136 4968 menses
1168 4914 1348 4967 ante.
1381 4905 1556 4967 Item
1596 4906 1786 4987 quod
1829 4916 2129 4986 ponatur

508 5001 792 5082 quidam
835 4999 1144 5062 Iulianus
1189 4999 1276 5060 de
1321 4997 1593 5061 Adenis
1659 4998 1730 5060 in
1776 4999 1933 5062 loco
1978 4999 2129 5062 An-

507 5093 774 5158 tonielli
817 5092 1086 5156 Comini
1130 5092 1243 5156 cui
1307 5110 1460 5154 sors
1505 5093 1669 5154 data
1712 5091 1842 5155 fuit
1899 5103 2127 5156 terrae

510 5187 582 5249 in
624 5185 1100 5249 Montexellis.

573 5372 934 5438 Infrascripte
967 5381 1101 5425 sunt
1135 5369 1388 5438 quedam
1439 5370 1796 5437 provisiones
1837 5369 1984 5424 facte
2027 5386 2129 5437 per

505 5448 890 5515 infrascriptos
925 5447 1164 5501 abbates
1206 5455 1264 5500 et
1307 5446 1594 5514 sapientes
1644 5447 1870 5514 gabelle
1918 5463 2128 5515 magne

2241 613 2441 680 Laqua
2474 614 2774 680 potestatis
2809 615 3095 668 Cremone
3142 626 3200 671 et
3240 617 3460 670 domini
3507 619 3865 673 pantaleonis

2237 688 2313 742 de
2348 691 2763 744 Buzacharellis
2796 692 3077 757 capitanei
3112 694 3375 746 comunis
3410 695 3716 758 Cremone,
3750 697 3865 750 exi-

2236 766 2519 820 stentibus
2536 767 2841 822 abbatibus
2860 767 3011 822 dicte
3034 769 3261 834 gabeue
3283 769 3534 824 dominis
3552 772 3864 826 Guilielmo

2235 841 2311 896 de
2364 843 2729 897 Roncharolo
2782 853 2842 897 et
2894 844 3264 899 Baldesarino
3310 846 3385 899 de
3423 848 3748 901 Pizenardis
3801 858 3859 903 et

2236 920 2437 972 Guazo
2472 918 2547 972 de
2581 919 2752 973 Claro
2787 928 2845 974 et
2880 921 3175 975 Gabriello
3210 922 3500 984 Alcheri0,
3539 923 3859 978 secundum

2237 995 2703 1050 reformationem
2736 997 3083 1064 sapientium
3106 997 3287 1064 ipsius
3320 1000 3565 1066 gabelle,
3596 1001 3705 1054 sub
3742 1002 3865 1054 mil-

2236 1072 2438 1126 lesimo
2486 1071 2885 1128 ducentesimo
2932 1075 3311 1140 nonagesimo
3360 1092 3539 1138 nono,
3576 1076 3866 1131 indicione

2234 1149 2407 1203 tercia
2442 1148 2692 1213 decima,
2730 1150 2806 1203 de
2853 1167 3052 1204 mense
3094 1151 3371 1215 februari,
3409 1161 3471 1206 et
3508 1154 3718 1220 scripte
3760 1170 3863 1220 per

2234 1241 2329 1278 me
2363 1225 2749 1280 Gufredinum
2784 1227 2859 1280 de
2894 1227 3167 1281 Gusredis
3202 1229 3489 1283 notarium
3526 1229 3661 1284 dicti
3686 1230 3859 1284 officii

2233 1301 2518 1368 ghabelle.
2560 1303 2813 1357 Nomina
2844 1319 3095 1371 quorum
3132 1312 3267 1359 511111
3302 1305 3437 1359 hec:

2762 1381 2853 1433 De
2888 1389 3053 1446 porta
3091 1380 3329 1436 Natalis·

2302 1453 2375 1507 D.
2418 1454 2687 1508 Baldesar
2734 1455 2809 1508 de
2856 1455 3179 1510 Pizenardis
3230 1487 3297 1496 -
3352 1457 3425 1511 D.
3467 1458 3739 1512 Baldasar
3788 1458 3863 1512 de

2238 1530 2522 1583 Piscarolo
2546 1560 2613 1570 —
2638 1533 2713 1586 D.
2738 1533 3052 1599 Pugnonus
3088 1533 3581 1600 Tedegheclus.—
3610 1537 3686 1589 D.
3726 1535 3869 1600 Egi-

2232 1605 2422 1659 diolus
2443 1607 2521 1660 de
2542 1607 2928 1662 Gholseramis
2946 1637 3014 1650 —
3033 1609 3106 1663 D.
3130 1610 3426 1664 Daniellus
3449 1611 3525 1664 de
3542 1611 3869 1664 Casamalla

2232 1711 2301 1721 —
2338 1683 2413 1736 D.
2442 1684 2719 1738 Novellus
2742 1685 2817 1738 de
2854 1685 3087 1751 Burgho
3106 1715 3176 1726 --
3200 1688 3273 1740 D.
3302 1687 3595 1740 Luchinus
3616 1687 3695 1740 de
3720 1689 3868 1740 Bon-

2231 1759 2395 1813 seriis
2415 1789 2485 1800 —
2512 1762 2586 1815 D.
2610 1761 2929 1816 Ghirardus
2952 1762 3291 1816 Allamanus
3312 1791 3381 1804 —-
3404 1763 3477 1818 D.
3502 1763 3771 1818 Coradus
3794 1764 3869 1817 de

2236 1835 2501 1890 Micharis
2534 1865 2604 1876 —
2640 1837 2715 1890 D.
2754 1839 3077 1892 Bonorinus
3112 1839 3187 1892 de
3222 1839 3397 1895 Ciria.

2742 1914 2831 1968 De
2867 1924 3031 1981 porta
3068 1915 3341 1969 Ariberti.

2302 1993 2372 2048 D.
2412 1993 2763 2061 pellegrinus
2797 1995 2873 2048 de
2908 1995 3156 2063 Allegris
3177 2025 3247 2036 —
3273 1999 3347 2051 D.
3383 1996 3767 2051 Bonacorsius
3790 1997 3865 2052 de

2234 2070 2516 2138 Oldoynis
2550 2099 2617 2110 —
2653 2073 2727 2124 D.
2750 2072 3083 2127 Maseninus
3119 2071 3193 2126 de
3219 2073 3519 2128 Natalibus
3554 2101 3623 2112 —
3660 2075 3737 2128 D.
3768 2075 3865 2127 Ni-

2232 2146 2494 2200 cholinus
2518 2147 2592 2201 de
2616 2148 2900 2202 Cortexiis
2926 2179 2989 2187 —
3018 2149 3092 2202 D.
3120 2149 3366 2203 Zanallia
3388 2149 3464 2203 de
3491 2149 3867 2205 Madalbertis

2233 2253 2300 2262 -
2336 2224 2409 2278 D.
2446 2225 2791 2280 Guilielmus
2825 2225 2901 2278 de
2925 2225 3313 2280 Roncharollo
3348 2255 3413 2266 —
3452 2227 3525 2280 D.
3568 2227 3751 2294 Niger
3786 2227 3860 2280 de

2234 2299 2497 2354 Ansoldo
2530 2329 2601 2342 —-
2635 2302 2709 2358 D.
2746 2302 3084 2356 Anzelerius
3118 2302 3193 2358 de
3232 2303 3411 2358 Paziis
3444 2333 3512 2342 —
3550 2305 3625 2357 D.
3654 2305 3869 2359 Toma-

2232 2377 2401 2430 11111115
2435 2378 2511 2432 (10
2546 2378 2836 2444 StanghiS.

2742 2456 2831 2508 De
2866 2464 3033 2521 porta
3070 2455 3342 2510 Pertuxii.

2302 2530 2375 2583 D.
2424 2529 2769 2584 Guilielmus
2820 2532 3279 2586 Consanonerius
3334 2559 3401 2574 —
3454 2533 3526 2587 D.
3588 2535 3729 2600 Ugo
3786 2533 3861 2586 de

2232 2607 2414 2661 Somo
2448 2637 2515 2646 —
2552 2609 2627 2662 D.
2666 2608 2867 2662 Guazo
2900 2608 2977 2662 de
3021 2609 3192 2662 Claro
3227 2639 3296 2648 —
3332 2610 3401 2665 D.
3440 2609 3761 2678 Moroellus
3794 2609 3871 2662 de

2234 2683 2443 2738 Nauio,
2482 2713 2547 2724 —
2586 2684 2659 2738 D.
2698 2685 3055 2738 Bochacinus
3076 2685 3153 2739 de
3186 2685 3475 2740 Asenellis
3509 2716 3576 2725 —
3614 2687 3691 2740 D.
3732 2687 3868 2739 Ioa-

2232 2760 2401 2814 ninus
2435 2760 2511 2813 (10
2547 2761 2758 2814 1050110
2788 2789 2848 2802 -
2875 2761 2947 2816 D.
2990 2762 3309 2816 Lafrancus·
3332 2763 3408 2816 (10
3437 2761 3608 2816 Βο1115
3646 2763 3867 2816 Becha-

2230 2837 2347 2889 1115.
2384 2865 2451 2876 -
2488 2838 2563 2890 D.
2603 2839 2831 2892 Marcus
2864 2838 2939 2892 de
2976 2838 3241 2892 Bredello
3266 2868 3335 2878 —
3363 2841 3437 2894 D.
3474 2838 3867 2893 Vinzenzinus

2229 2913 2305 2966 de
2329 2914 2543 2967 Sancto
2573 2914 2825 2968 Baxiano
2846 2945 2914 2954 —
2940 2916 3015 2970 D.
3041 2915 3367 2969 Gabriellus
3390 2915 3464 2968 de
3490 2914 3861 2969 Pinzouibus,

2615 2991 2706 3044 De
2740 2999 2905 3058 porta
2939 2991 3119 3045 sancti
3157 2992 3467 3046 Laurentii.

2300 3066 2373 3120 D.
2414 3067 2757 3121 Riboldinus
2791 3068 2867 3121 de
2892 3069 3207 3122 Diviciollis
3234 3098 3301 3108 —
3328 3071 3401 3124 D.
3427 3068 3727 3122 Guazinus
3760 3069 3865 3121 Be-

2229 3142 2400 3197 lavita
2422 3171 2491 3182 —
2514 3145 2589 3196 D.
2614 3144 2903 3198 Rasaellus
2925 3145 3000 3199 de
3028 3147 3264 3200 Roncha
3289 3174 3358 3185 —
3382 3146 3454 3200 D.
3478 3147 3734 3212 Mayster
3760 3144 3864 3196 Mi-

2227 3218 2509 3274 chellinus
2541 3220 2617 3274 de
2640 3223 2822 3275 Lamo
2845 3249 2915 3262 --
2939 3222 3013 3276 D.
3052 3223 3379 3276 Gabriellus
3403 3221 3477 3275 de
3503 3221 3779 3276 Alcherio
3796 3251 3863 3260 —

2232 3294 2307 3348 D.
2347 3295 2685 3352 Nicholinus
2731 3297 2805 3350 de
2855 3298 3087 3352 Doxino
3141 3329 3204 3337 —
3261 3301 3335 3352 D.
3374 3299 3630 3353 Iulianus
3667 3299 3863 3363 Taya-

2230 3372 2419 3425 bobus
2456 3404 2519 3411 —
2556 3374 2629 3428 D.
2667 3375 2999 3429 Ghabrinus
3033 3376 3109 3429 de
3146 3375 3462 3430 Moscardis
3509 3405 3577 3414 —
3624 3375 3701 3428 D.
3743 3375 3863 3427 Gu-

2229 3448 2425 3502 sredus
2461 3448 2535 3502 de
2572 3452 2939 3506 GuferlaxiiS.

2300 3527 2365 3578 In
2402 3526 2599 3592 primis
2634 3528 2929 3594 provisum
2962 3536 3023 3582 et
3056 3529 3387 3584 ordinatum
3410 3537 3516 3589 est,
3555 3543 3662 3593 pro
3698 3527 3859 3581 bono

2227 3609 2379 3656 statu
2416 3612 2474 3656 01
2507 3605 2952 3659 conservacione
3002 3614 3062 3660 et
3102 3615 3458 3672 augumento
3500 3613 3561 3659 et
3606 3604 3856 3658 utilitate

2228 3677 2399 3731 officii
2449 3679 2714 3745 ghabelle
2757 3683 3045 3736 Cremone
3096 3692 3153 3738 et
3206 3683 3487 3750 introytus
3532 3682 3687 3736 dicte
3722 3683 3861 3748 gha-

2230 3753 2405 3818 belle,
2442 3755 2603 3824 quod
2644 3758 2886 3824 quilibet
2926 3759 3067 3813 civis
3102 3768 3161 3813 et
3195 3768 3475 3813 mercator
3509 3757 3759 3813 civitatis
3802 3764 3861 3810 et

2228 3830 2518 3886 districtus
2570 3834 2859 3888 Florentie
2909 3834 3087 3890 libere
3139 3845 3197 3890 et
3246 3835 3519 3904 expedite
3546 3876 3558 3898 ‚
3613 3844 3676 3888 et
3728 3835 3855 3886 sine

2228 3907 2431 3962 iniuria
2477 3919 2536 3963 et
2568 3911 2901 3977 gravamine
2933 3912 3151 3979 alliquo
3186 3912 3487 3966 inferendo
3522 3911 3745 3966 eisdem
3796 3911 3854 3963 in

2228 3986 2490 4050 personis
2521 3996 2581 4040 et
2614 3988 2806 4050 1011115,
2828 3988 3009 4055 possit
3032 3989 3245 4051 venire,
3274 3989 3374 4050 ire,
3402 3988 3587 4042 redire
3611 3997 3672 4041 et
3698 3996 3852 4042 stare

2227 4061 2299 4114 ad
2345 4078 2510 4115 suam
2563 4062 2803 4118 liberam
2854 4065 3247 4128 voluntatem,
3284 4081 3417 4119 cum
3469 4064 3734 4131 personis
3789 4071 3849 4116 et

2229 4138 2402 4192 rebus
2436 4155 2569 4192 cum
2605 4140 3021 4195 mercadandiis
3056 4143 3321 4196 et'rebus
3356 4149 3415 4198 et
3448 4141 3572 4195 51110
3596 4157 3701 4208 per
3724 4139 3861 4194 civi-

2228 4223 2403 4268 tatem
2454 4224 2514 4269 et
2564 4215 2883 4272 districtum
2936 4217 3241 4280 Cremone,
3284 4219 3567 4272 solvendo
3617 4217 3857 4272 comuni

2229 4291 2515 4345 Cremone
2567 4293 2687 4346 sive
2722 4294 2984 4360 ghabelle
3035 4296 3289 4361 predicte
3335 4294 3499 4348 dacia
3548 4301 3851 4354 consueta,

2228 4369 2547 4423 secundum
2584 4386 2755 4424 usum
2790 4371 2968 4437 ipsius
3002 4372 3225 4438 gabelle
3246 4411 3258 4432 ,
3296 4387 3413 4424 non
3462 4371 3733 4424 obstante
3768 4370 3857 4422 al-
3922 4427 3939 4446 .

2227 4443 2388 4511 liquo
2421 4453 2637 4500 statuto
2672 4463 2777 4500 nec
2802 4447 3213 4508 reformacione
3235 4448 3499 4502 comunis
3532 4447 3621 4500 vel
3648 4445 3851 4512 populi

2227 4520 2517 4576 Cremone
2550 4523 2699 4576 sacto
2734 4525 2825 4577 vel
2860 4525 3070 4578 facturo
3090 4565 3103 4590 ,
3140 4541 3247 4578 nec
3294 4525 3487 4592 aliqua
3521 4523 3853 4590 provisione

2226 4599 2451 4664 gabelle
2474 4599 2755 4666 predicte;
2776 4611 2836 4654 et
2853 4602 3012 4670 quod
3040 4603 3087 4656 si
3111 4603 3331 4669 aliquid
3354 4602 3488 4655 novi
3516 4609 3855 4655 tractaretur

2226 4676 2317 4728 vel
2354 4675 2515 4728 fieret
2549 4693 2648 4728 seu
2686 4677 3077 4731 intenderetur
3113 4678 3233 4731 fieri
3270 4695 3373 4744 per
3418 4693 3667 4732 comune
3712 4678 3853 4730 Cre-

2228 4769 2401 4805 mone
2444 4753 2565 4806 sive
2616 4770 2719 4820 per
2772 4754 3095 4819 ghabellam
3141 4754 3457 4821 predictam
3492 4762 3691 4808 contra
3725 4769 3855 4818 pre-

2225 4829 2411 4884 dictos
2460 4839 2805 4884 mercatores
2850 4839 2910 4884 et
2957 4831 3111 4883 cives
3160 4831 3205 4882 F
3210 4831 3479 4893 lorentie,
3517 4830 3679 4897 quod
3734 4845 3851 4882 non

2226 4907 2407 4972 possit
2441 4907 2563 4960 fieri
2591 4907 2695 4959 nisi
2728 4907 2885 4972 prius
2918 4907 3135 4960 dictum
3160 4916 3219 4960 et
3240 4907 3649 4961 denunciatum
3681 4906 3855 4959 suerit

2226 4998 2329 5049 per
2370 4982 2653 5037 sindicum
2699 4983 2961 5036 comunis
3002 4983 3320 5046 Cremone,
3358 4983 3433 5036 ad
3478 4983 3587 5036 hoc
3632 4983 3852 5047 specia-

2225 5059 2353 5113 liter
2403 5059 2743 5126 deputatum
2768 5100 2780 5122 ,
2832 5059 3063 5112 comuni
3117 5067 3175 5112 et
3226 5059 3557 5113 hominibus
3608 5057 3851 5112 civitatis

2228 5136 2517 5189 Florentie
2551 5152 2651 5203 per
2687 5145 2801 5190 tres
2836 5151 3065 5189 menses
3098 5144 3233 5190 ante
3254 5175 3269 5198 ,
3308 5135 3627 5190 secundum
3680 5142 3849 5202 pacta

2225 5213 2373 5266 facta
2407 5221 2467 5266 et
2498 5213 2709 5280 scripta
2742 5230 2845 5280 per
2879 5212 3182 5266 dominum
3220 5213 3559 5266 Federicum
3605 5212 3682 5265 de
3720 5211 3844 5263 Mo-

2226 5288 2441 5342 scardis
2491 5289 2789 5356 quondam
2838 5290 3152 5352 notarium;
3204 5299 3262 5343 et
3312 5289 3474 5356 quod
3524 5289 3571 5342 si
3626 5286 3845 5354 aliquid

2228 5369 2361 5424 novi
2386 5377 2487 5424 aut
2510 5385 2613 5437 per
2636 5377 2909 5424 statutum
2937 5371 3025 5424 vel
3061 5385 3164 5437 per
3185 5370 3567 5436 provisionem
3592 5368 3845 5436 aliquam

2227 5447 2489 5500 comunis
2524 5445 2614 5499 vel
2638 5446 2837 5512 populi
2860 5447 3146 5501 Cremone
3169 5446 3257 5499 vel
3280 5445 3544 5514 ghabelle
3568 5445 3844 5513 predicte,
