4050 6109
525 302 606 361 66
1524 306 1796 357 CODICE
1840 303 2366 355 DIPLOMAT1CO
2411 304 2875 355 CREMONESE

521 558 864 620 tinensem
911 564 987 617 ut
1031 555 1303 617 relaxet
1347 554 1761 617 sententiam
1821 572 2147 615 excomu-

526 649 891 712 nicationis
937 660 1006 711 et
1053 648 1401 711 interdicti
1449 658 1690 710 contra
1732 647 2146 710 Cremonen-

526 765 657 817 seS‚
705 744 764 806 si
809 744 1199 805 cautionem
1261 752 1619 823 praestent
1670 743 1858 822 quod
1914 760 2146 804 coram

525 858 608 899 eo
654 838 1030 900 exhibeant
1061 836 1363 899 iustitiae
1408 836 1990 915 complementum
2032 834 2148 896 ab·

525 933 670 995 bati
743 932 813 994 S.
881 931 1064 993 Sixti
1138 932 1224 994 de
1289 930 1643 992 Placentia
1687 930 1772 991 de
1837 928 2148 992 curtibus

526 1026 926 1089 Guastallae
973 1038 1042 1087 et
1083 1023 1460 1087 Luciariae.

521 1252 604 1310 18.
653 1282 732 1292 --
789 1267 936 1309 1201
993 1246 1169 1327 (mai.
1216 1245 1594 1326 Lateram).
1642 1244 1793 1309 Dal
1824 1245 2147 1320 Theiner,
2197 1321 2202 1336 Ι

637 1342 774 1404 Vet.
823 1360 996 1403 mon.
1044 1339 1410 1403 Slavorum
1455 1338 1690 1403 merz'd.
1739 1361 1804 1403 n.
1841 1345 1940 1418 63.
1987 1339 2147 1403 Pot-

607 1436 798 1497 thast
843 1435 1012 1519 Reg.
1059 1436 1260 1498 Pont.
1309 1435 1505 1498 Rom.
1551 1435 1609 1507 I,
1665 1454 1799 1515 125.

607 1590 1052 1654 Innocentius
1083 1590 1184 1653 III
1217 1590 1546 1673 potestati
1592 1589 1883 1683 consilio
1914 1600 1983 1653 et
2030 1610 2149 1671 po-

527 1685 693 1765 pulo
739 1684 1188 1748 Cremonensi
1233 1696 1607 1766 praecepta
1650 1685 1768 1747 dat
1810 1684 2022 1765 super
2048 1704 2149 1747 re-

525 1777 882 1842 stitutione
928 1777 1244 1841 facienda
1281 1781 1366 1841 de
1404 1778 1715 1841 curtibus
1752 1778 2149 1841 Guastallae

527 1883 597 1934 et
639 1872 991 1934 Luzariae.

525 2114 610 2172 19.
661 2130 738 2139 ——
795 2093 1168 2179 1203,febr.
1199 2100 1295 2168 28,
1322 2116 1382 2156 a.
1417 2099 1474 2167 6,
1502 2093 1854 2157 Laterani.
1881 2094 1973 2165 Α,
2003 2115 2145 2174 343.

609 2187 793 2259 Affo,
829 2187 1060 2251 Storia
1093 2186 1168 2249 dz‘
1202 2186 1579 2258 Guastalla,
1622 2188 1675 2260 J,
1699 2195 1861 2271 pag.
1899 2208 2040 2267 355.

611 2342 915 2404 Litterae
977 2340 1361 2404 Innocentii
1421 2341 1520 2403 III
1586 2343 1674 2403 ad
1741 2341 2147 2423 episcopum

533 2435 846 2499 Mutinae
911 2434 1404 2517 praecipientis
1463 2435 1789 2517 quatinus
1846 2447 2149 2517 potesta-

529 2540 705 2603 tem,
767 2529 1087 2592 consules
1147 2539 1217 2592 et
1275 2529 1708 2591 consiliarios
1770 2528 2151 2592 Cremonae

530 2624 1171 2686 excommunicatos
1215 2623 1495 2703 publice
1539 2622 1813 2686 nuntiet
1870 2635 1939 2686 et
1984 2624 2149 2687 civi-

533 2729 744 2780 tatem
789 2717 1219 2799 suppositam
1259 2717 1644 2789 interdicto,
1679 2727 1964 2799 propter
1993 2738 2150 2779 cau-

537 2832 680 2872 sam
715 2831 895 2893 quae
933 2820 1080 2873 erat
1111 2810 1290 2873 inter
1318 2810 1818 2873 Monasterium
1865 2811 1934 2873 S.
1966 2812 2149 2875 sixti

533 2914 602 2967 et
660 2903 1160 2967 Cremonenses
1233 2905 1318 2965 de
1377 2903 1688 2967 curtibus
1752 2904 2149 2969 Guastallae

535 3009 605 3059 et
647 2998 1024 3072 Luciariae,
1072 3009 1140 3061 et
1185 3010 1398 3061 testes
1443 2999 1715 3061 abbatis
1761 3000 2014 3061 audiat.

534 3240 628 3283 20.
679 3256 758 3267 --
812 3240 988 3297 1203,
1021 3224 1217 3283 mart.
1248 3241 1302 3298 3,
1337 3220 1683 3295 Laterani,
1709 3242 1770 3283 a.
1797 3225 1854 3285 6.
1886 3222 1978 3297 Α,
2008 3243 2149 3301 344,

620 3334 654 3376 e
699 3318 840 3376 ant.

615 3469 1060 3533 Innocentius
1093 3470 1192 3532 III
1238 3471 1588 3552 episcopis
1623 3472 1958 3553 papiensi,
2010 3474 2151 3554 pla-

539 3563 814 3626 centino
875 3576 942 3626 ct
1001 3565 1358 3637 laudensi,
1425 3566 1543 3645 qui
1608 3566 1946 3629 mandatis
2009 3566 2153 3629 suis

537 3658 724 3718 haud
767 3668 1162 3738 paruerant,
1209 3660 1438 3719 denuo
1485 3678 1641 3721 cum
1687 3660 1892 3722 minis
1937 3670 2007 3723 et
2051 3681 2152 3723 re-

533 3750 1113 3830 prehensionibus
1171 3752 1512 3833 praecipit
1578 3753 1904 3834 quatinus
1960 3766 2153 3835 pote-

535 3854 768 3916 stateS,
817 3845 1138 3907 consules
1184 3858 1252 3908 et
1297 3846 1729 3910 consiliarios
1775 3848 2155 3912 Cremonae

535 3938 1176 4001 excommunicatos
1222 3949 1289 4002 et
1321 3940 1673 4002 civitatem
1724 3942 2154 4021 suppositam
2202 3921 2207 4016 i

536 4030 902 4095 interdicto
970 4034 1247 4114 publice
1309 4035 1743 4107 denuntient,
1814 4038 1902 4097 ob
1963 4037 2153 4099 litem
2203 4031 2209 4124 1
2256 4112 2414 4154 nem
2460 4094 2548 4155 ab
2596 4094 3314 4157 excommunicatione
3374 4106 3443 4157 et
3486 4094 3873 4167 interdicto,

535 4144 690 4187 cum
737 4128 1154 4189 monasterio
1201 4129 1270 4190 S.
1316 4128 1520 4200 Sixti,
1570 4140 1639 4190 et
1683 4130 1770 4191 ab
1818 4132 2001 4192 omni
2054 4130 2150 4193 of—

537 4218 696 4279 ficio
741 4232 947 4301 atque
992 4219 1330 4283 beneficio
1390 4224 1818 4303 suspendant
1867 4226 2156 4307 presby·
2205 4276 2209 4314 Ι
2263 4280 2274 4291 .

539 4326 727 4373 teros
782 4333 1285 4385 cremonenseS,
1351 4316 1467 4397 qui
1540 4316 1862 4378 dicuntur
1921 4318 2159 4381 divina
2205 4319 2209 4360 ²
2260 4290 2438 4341 mter
2506 4280 2882 4342 IOhannem
2954 4282 3263 4353 Bonum’

538 4406 744 4467 etiarn
811 4408 1200 4470 celebrasse
1270 4421 1430 4490 post
1482 4412 1893 4472 sententiam
1953 4412 2157 4476 inter-

538 4500 725 4575 dicti,
773 4512 840 4563 et
887 4514 1143 4582 cogant
1187 4503 1275 4563 ad
1320 4502 1546 4586 ipsum
1595 4505 1852 4568 venire.

536 4761 619 4804 21.
668 4778 748 4785 ——
794 4761 970 4818 1204,
1017 4744 1134 4803 oet.
1193 4762 1257 4814 2,
1331 4742 1488 4815 VII,
1549 4742 1622 4805 ilc
1679 4744 1940 4826 palatio
2012 4768 2153 4809 mu·
2206 4767 2209 4832 Ι

622 4833 890 4899 lt'aettsi.

617 4987 932 5067 Egidius,
989 4988 1360 5069 episcopus
1417 4990 1745 5063 Mutinae,
1793 4992 2157 5055 constituit

537 5081 1036 5143 Fruminellum
1096 5083 1181 5144 de
1229 5083 1531 5146 Florano
1579 5087 1905 5147 nuncium
1953 5107 2155 5149 suum

2248 570 2342 613 22.
2396 588 2471 597 ——-
2527 573 2546 612 1
2565 571 2703 629 204,
2751 556 2871 614 oct.
2906 570 2962 632 5,
3021 552 3169 627 VII,
3216 551 3291 615 in
3322 552 3571 617 maiori
3606 553 3869 617 ecclesia

2344 644 2727 707 Cremonae.

2333 800 2797 863 Fruminellus
2844 801 2929 863 de
2974 801 3272 864 Florano
3318 802 3678 867 denuntiat
3708 804 3870 867 Gui-

2248 893 2481 956 lielmo
2536 894 2905 967 MastalliO,
2968 894 3235 958 consuli
3293 895 3703 969 Cremonae,
3762 918 3874 959 no·

2249 988 2433 1049 mine
2506 988 2820 1050 comunis
2846 1037 2860 1061 ,
2930 999 3004 1052 ut
3072 990 3353 1053 veniant
3420 991 3532 1053 vel
3596 990 3872 1053 mittant

2249 1081 2578 1144 nuncium
2610 1082 2696 1143 ad
2721 1082 3103 1147 audiendos
3135 1092 3349 1146 testes
3378 1083 3654 1149 abbatis
3683 1084 3871 1147 8.ὃί-

2250 1176 2353 1237 xti
2400 1173 2579 1237 infra
2630 1196 2706 1237 1o
2752 1175 2919 1239 dies.

2249 1435 2344 1495 23.
2390 1452 2473 1461 —-
2540 1436 2730 1495 1204,
2824 1417 2987 1491 VII,
3056 1416 3378 1481 Alutinae
3442 1419 3660 1498 (15-16
3728 1420 3872 1491 oct.)

2334 1508 2748 1593 AstegianO,
2794 1509 2865 1574 Il
2909 1510 3204 1575 Comune
3246 1510 3324 1573 di
3372 1512 3703 1577 Cremona
3746 1534 3782 1574 e
3825 1511 3879 1575 il

2321 1608 2631 1687 possesso
2678 1602 2754 1665 di
2786 1603 3165 1675 Guastalla,
3198 1625 3317 1668 ecc.
3364 1604 3699 1669 Archivio
3730 1607 3872 1667 Sto-

2333 1695 2470 1759 rico
2516 1696 2927 1769 LambardO,
2978 1720 3043 1769 2,
3101 1704 3285 1773 1882,
3323 1706 3484 1782 pag.
3534 1720 3613 1777 30
3658 1720 3696 1761 e
3738 1720 3870 1783 seg.

2332 1866 2795 1950 Undeviginti
2855 1879 3069 1932 testes
3090 1916 3103 1941 ,
3177 1881 3472 1952 rogante
3540 1870 3872 1952 episcopo

2248 1961 2579 2035 Mutinae,
2606 1972 2949 2024 testantur
2979 1963 3170 2044 quod
3194 1962 3521 2026 viderunt
3549 1964 3871 2026 abbatem

2249 2056 2319 2117 S.
2351 2054 2533 2117 Sixti
2578 2055 2837 2118 habere
2882 2056 3160 2136 plenam
3205 2056 3762 2120 iurisdictionem
3806 2070 3871 2121 et

2250 2148 2629 2210 dominium
2662 2149 2958 2211 curtium
2982 2148 3379 2212 Guastallae
3406 2159 3474 2213 et
3492 2150 3870 2222 Luciariae,

2250 2251 2318 2304 et
2349 2243 2699 2324 quomodo
2724 2242 3225 2306 Cremonenses
3262 2263 3422 2307 eum
3452 2244 3869 2326 expulerint.

2248 2498 2342 2556 24.
2390 2514 2471 2523 ——
2526 2499 2702 2557 1204,
2748 2498 2898 2541 nov.
2970 2479 3121 2552 VII,
3169 2478 3231 2542 d.
3278 2480 3601 2544 Mutinae
3646 2485 3866 2565 (senza

2334 2570 2493 2633 dala
2540 2571 2627 2634 ed
2660 2569 3070 2635 z‘ndz‘cazz'one
3114 2572 3190 2635 di
3226 2573 3465 2659 luogo).
3494 2575 3635 2659 Ap.
3660 2576 3869 2640 Aste-

2334 2664 2563 2747 gianO,
2610 2664 2698 2728 id.
2734 2671 2898 2750 pag.
2946 2687 3043 2745 39.

2334 2835 2637 2897 Litterae
2702 2836 2971 2918 Egidii‚
3046 2836 3455 2901 mutinensis
3526 2839 3867 2923 episcopi,

2250 2930 2655 2992 Innocentio
2698 2950 2920 3011 papae
2952 2930 3206 3011 quibus
3246 2952 3401 2994 eum
3432 2934 3756 2997 hortatur
3798 2947 3871 2998 ut

2198 3047 2202 3056 ·
2252 3022 2490 3085 durius
2542 3034 2887 3107 aggravet
2945 3043 3189 3087 manus
3249 3046 3412 3088 suas
3464 3026 3535 3088 in
3592 3026 3867 3091 Cremo-

2250 3135 2519 3189 nenseS,
2588 3127 2655 3179 et
2722 3117 3003 3180 nunciat
3071 3139 3146 3181 se
3208 3120 3681 3183 transmittere
3747 3141 3868 3202 per

2253 3211 2577 3274 abbatem
2622 3211 2693 3273 S.
2725 3212 2909 3274 Sixti
2953 3211 3043 3274 ad
3074 3231 3231 3274 eum
3270 3222 3484 3277 testes
3528 3214 3872 3296 sigillatos

2253 3324 2430 3385 quos
2475 3305 2702 3367 dictus
2748 3306 2965 3369 abbas
3008 3326 3241 3370 coram
3300 3326 3376 3370 se
3419 3309 3867 3389 produxerat.

2254 3562 2348 3625 25.
2393 3583 2475 3591 ——
2530 3566 2707 3625 1204,
2755 3546 2886 3609 dec.
2922 3568 2977 3627 7,
3024 3547 3084 3609 (ι’.
3118 3548 3378 3611 Romae
3420 3548 3614 3633 apud
3646 3551 3721 3612 S.
3749 3550 3870 3613 Pe-

2339 3643 2542 3796 ἑνιίιὶιῖ,
2575 3661 2635 3702 a.
2672 3660 2727 3720 7.
2760 3641 3030 3715 Ficker,
3079 3647 3179 3725 op.
3213 3641 3318 3705 cit.
3369 3648 3509 3715 261,
3556 3664 3679 3705 con
3712 3642 3867 3707 data

2339 3904 2785 3969 Innocentius
2842 3908 2942 3969 III
3002 3907 3435 3979 consulibuS‚
3484 3908 3874 3971 credentiae

2257 4009 2326 4061 et
2368 4002 2630 4082 populo
2678 4001 3122 4064 Cremonensi
3178 4002 3459 4063 nunciat
3503 4001 3875 4065 absolutio-

2256 4205 2384 4265 pro
2432 4188 2934 4268 compositione
2981 4188 3254 4249 Romae
3303 4188 3472 4249 inita
3518 4209 3751 4250 coram
3807 4210 3875 4251 se

3338 4282 3665 4344 nuncium
3736 4283 3881 4346 Cre-

2259 4394 2523 4443 monae,
2572 4386 2640 4437 et
2685 4376 3011 4436 abbatem
3067 4376 3136 4436 S.
3185 4375 3368 4437 sixti
3430 4395 3641 4456 super
3700 4376 3876 4439 facto

2206 4463 2210 4544 J
2259 4468 2617 4529 Luciariae
2654 4480 2722 4530 et
2745 4469 3164 4540 Guastallae‚
3198 4478 3646 4550 tenoremque
3678 4470 3873 4533 huius

2208 4593 2211 4612 ι
2260 4562 2783 4642 compositionis
2828 4562 3057 4625 refert.

2259 4826 2351 4885 26.
2400 4860 2475 4866 —
2535 4840 2711 4899 1204,
2758 4818 2889 4881 dee.
2924 4826 2979 4890 8,
3020 4818 3081 4880 d.
3115 4819 3372 4881 Romae
3418 4819 3610 4903 apud
3645 4820 3715 4883 S.
3748 4820 3864 4881 Pe-

2344 4919 2546 4987 ΐνῑιυι,
2595 4936 2654 4976 a.
2708 4934 2760 4992 7.
2808 4912 2901 4985 A,
2953 4932 3093 4993 347.

2341 5086 2639 5146 Litterae
2686 5083 3070 5145 Innocentii
3116 5084 3215 5145 III
3268 5084 3503 5147 abbati
3565 5096 3634 5147 et
3692 5083 3861 5163 capi-

534 5174 623 5235 ad
689 5175 1248 5239 denunciandum
1309 5178 1710 5241 consulibus
1777 5179 2156 5242 Cremonae
2204 5187 2207 5256 j
2256 5178 2401 5240 tulo
2447 5180 2515 5241 S.
2550 5178 2731 5239 Sixti
2781 5178 2848 5239 in
2881 5178 3135 5258 quibus
3180 5177 3687 5240 absolutionem
3718 5178 3862 5240 Cre-

537 5278 611 5329 ut
644 5268 925 5329 veniant
957 5270 1068 5331 vel
1107 5269 1380 5332 mittant
1411 5273 1499 5333 ad
1531 5293 1708 5341 eum,
1743 5273 1905 5353 quia
1935 5275 2155 5334 abbas

2257 5272 2687 5332 monensium
2722 5272 3022 5344 nunciat,
3046 5272 3526 5352 praecipitque
3551 5272 3863 5353 quatinus

536 5362 604 5424 S.
638 5362 820 5424 Sixti
856 5364 1005 5424 vult
1039 5366 1423 5443 producere
1462 5377 1675 5427 testes
1707 5386 1914 5446 super
1946 5388 2156 5429 causa
2202 5385 2205 5456 ί
2256 5365 2747 5427 inviolabiliter
2834 5368 3211 5428 observent
3298 5365 3859 5447 compositionem

537 5458 622 5523 de
667 5457 978 5523 curtibus
1022 5456 1424 5523 Guastallae
1469 5470 1540 5523 et
1581 5460 1962 5523 Luciariae.

2200 5463 2206 5544 l
2257 5478 2414 5525 cum
2458 5459 3061 5525 Cremonensibus.
