4050 6109
526 259 644 334 148

517 523 826 583 cremone,
864 529 923 573 et
971 517 1132 586 quod
1181 515 1423 585 quilibet
1457 513 1846 582 predictorum
1886 526 2147 564 commu-

515 600 680 653 nium
715 598 868 665 ipsas
903 595 1180 662 inpositas
1215 601 1274 646 et
1307 592 1591 646 aditiones
1626 589 1760 642 salis
1794 605 1928 642 cum
1963 587 2149 652 impo-

518 676 640 730 sitis
645 713 749 730 .....
787 691 824 727 a
857 673 1085 740 gabella
1119 672 1408 724 Cremone
1441 668 1700 734 accipere
1737 672 2061 726 teneantur,
2090 670 2149 716 et

515 751 680 820 quod
715 767 919 804 omnes
955 749 1084 802 allie
1121 747 1479 814 provisiones
1521 745 1826 810 loquentes
1877 740 1952 794 de
1998 738 2150 792 divi-

515 829 718 883 dendo
754 827 1046 893 impositas
1079 824 1213 877 salis
1237 823 1413 876 factas
1436 821 1600 875 terris
1623 819 1988 885 episcopatus
2013 815 2150 868 Cre—-

519 921 694 958 mone
729 903 1043 956 coniunctis
1069 902 1124 954 in
1153 916 1270 954 una
1293 898 1622 966 potestaria‚
1661 904 1719 948 et
1745 895 2050 961 loquentes
2074 890 2149 943 de

517 981 716 1035 dando
749 989 808 1034 et
843 977 1201 1044 imponendo
1223 983 1439 1028 certam
1474 973 1855 1042 quantitatem
1890 969 2025 1022 salis
2050 984 2149 1020 an-

518 1057 738 1112 nuatim
773 1056 1042 1122 predictis
1067 1052 1356 1107 nobilibus
1378 1051 1743 1118 episcopatus
1779 1057 1837 1100 et
1859 1045 2150 1099 districtus

516 1137 826 1193 Cremone,
863 1132 1114 1185 debeant
1149 1128 1440 1183 observari
1475 1135 1586 1180 etc.
1641 1133 1701 1178 et
1743 1125 1852 1177 hec
1894 1121 2149 1188 provisio

517 1213 592 1265 sit
624 1211 867 1264 truncha
901 1217 960 1263 et
996 1208 1245 1275 precissa
1279 1214 1388 1259 etc.

589 1289 698 1341 Die
732 1286 958 1340 veneris
993 1283 1250 1338 secundo
1289 1280 1622 1335 novembris
1657 1279 1804 1332 lecta
1843 1285 1903 1330 et
1953 1273 2150 1340 publi-

515 1375 646 1420 cata
679 1365 786 1418 fuit
819 1362 1202 1429 suprascripta
1229 1358 1480 1426 provisio
1517 1357 1572 1409 in
1604 1356 1780 1422 pleno
1814 1361 1873 1407 et
1896 1349 2147 1418 generali

515 1441 756 1497 consilio
809 1439 1003 1508 populi
1059 1439 1346 1491 Cremone
1399 1451 1502 1502 per
1555 1449 1649 1486 me
1697 1428 2147 1485 Raimondinum

515 1520 593 1573 de
656 1517 904 1570 Gorenis
963 1516 1250 1568 notarium
1309 1511 1534 1578 gabelle
1594 1524 1802 1574 magne
1855 1507 2146 1559 Cremone

518 1605 676 1650 tunc.

516 1787 642 1846 133.
690 1803 768 1812 -
824 1783 1001 1842 1302,
1047 1759 1139 1824 id.
1191 1758 1280 1823 id.
1333 1757 1403 1831 C,
1460 1777 1595 1837 117.

602 1899 923 1964 Provisio
969 1897 1306 1980 gabellae,
1357 1903 1436 1956 ut
1498 1890 1934 1954 fraudolenta
1981 1905 2145 1949 ven-

520 1995 693 2058 ditio
739 1992 904 2056 58115
948 1991 1018 2053 111
1080 1988 1397 2052 districtu
1463 1984 1902 2066 impediatur,
1957 1979 2148 2063 quod

518 2109 660 2153 non
705 2085 929 2168 possit
974 2081 1271 2147 conduci
1335 2088 1538 2143 extra
1594 2075 1998 2139 districtum·
2047 2072 2151 2135 sal

518 2183 609 2246 ad
697 2181 1004 2262 aliquam
1090 2176 1444 2240 civitatem
1519 2192 1643 2234 seu
1717 2171 1806 2232 ad
1892 2179 2150 2231 terram

519 2275 824 2349 Cremae‚
863 2272 997 2334 nisi
1025 2271 1114 2333 ad
1137 2269 1486 2352 gabellam
1521 2263 1937 2347 perveniant
1966 2261 2149 2324 duae

521 2369 795 2432 litterae
841 2387 933 2428 ex
978 2373 1177 2446 parte
1221 2372 1569 2424 rectorum
1615 2369 1684 2421 et
1729 2355 1940 2419 officii
1985 2353 2149 2417 salis

521 2460 845 2532 civitatiS,
892 2459 964 2521 in
1009 2458 1264 2539 quibus
1307 2452 1658 2517 licentiam
1701 2459 1947 2533 petant
1989 2468 2150 2512 con-

521 2554 821 2618 ducendi
867 2561 1129 2614 certam
1161 2548 1620 2632 quantitatem
1651 2543 1818 2607 salis
1849 2562 1991 2605 non
2030 2543 2151 2603 mi-

525 2667 768 2711 norem
815 2667 898 2724 40
941 2663 1310 2712 somarum,
1358 2652 1429 2704 et
1474 2640 1663 2722 quod
1709 2638 1847 2700 duo
1892 2634 2149 2706 nuncii,

523 2761 705 2806 unus
772 2739 1092 2822 gabellae
1159 2750 1232 2799 et
1296 2736 1470 2798 alter
1514 2734 1602 2796 de
1660 2730 1967 2813 Quirinis
2036 2729 2151 2790 de-

522 2838 734 2900 beant
756 2834 854 2895 ire
880 2851 1038 2895 cum
1061 2830 1215 2914 ipso
1242 2829 1387 2892 sale
1411 2828 1500 2891 ad
1523 2845 1871 2908 expensas
1896 2823 2152 2885 condu-

524 2928 766 3000 centis,
813 2945 1035 3007 usque
1073 2926 1162 2986 ad
1206 2925 1438 3000 locum
1466 2922 1554 2984 ad
1601 2938 1809 3002 quem
1854 2915 2151 2980 ducitur.

519 3133 644 3192 134.
693 3149 774 3159 —-—
828 3132 1005 3189 1302,
1061 3110 1193 3173 dec.
1264 3129 1356 3182 10,
1418 3107 1477 3180 I,
1547 3105 1589 3168 l.
1647 3105 2012 3170 Cremonae
2078 3100 2153 3164 in

609 3227 784 3269 cons.
823 3205 975 3290 gab.
1034 3205 1100 3276 C,
1157 3208 1292 3266 118.

606 3343 928 3404 Provisio
974 3341 1288 3424 gabellae
1334 3339 1525 3421 quod
1567 3336 1811 3399 firmus
1855 3334 1946 3398 sit
1991 3351 2152 3395 con-

521 3435 1054 3510 tractUS,factus
1098 3455 1224 3516 per
1261 3431 1604 3495 sindicum
1650 3426 2038 3493 communis
2083 3436 2153 3488 et

521 3529 935 3594 massarium
981 3527 1300 3610 gabellae
1337 3544 1493 3588 cum
1537 3523 1860 3586 Nicolino
1893 3521 1978 3582 de
2023 3517 2151 3582 Ri—

523 3622 772 3696 boldis,
819 3623 1175 3686 Iacomino
1222 3622 1310 3682 de
1353 3618 1532 3680 Ziria
1574 3627 1644 3680 et
1709 3614 2013 3678 Danielli
2060 3615 2150 3676 de

521 3717 903 3790 Casamala,
977 3735 1106 3797 pro
1179 3711 1482 3795 pecunia
1551 3710 1878 3772 habenda
1941 3725 2154 3788 super

520 3811 910 3874 redditibus
989 3808 1312 3890 gabellae
1392 3806 1480 3868 ad
1571 3803 1988 3866 solutionem
2062 3798 2155 3861 fa-

521 3905 840 3967 ciendam
885 3900 1242 3974 militibus,
1290 3900 1377 3961 de
1432 3919 1506 3961 10
1567 3895 1764 3959 libris
1808 3914 1937 3975 pro
1984 3912 2153 3975 quo-

517 3999 708 4068 libet,
757 3996 1014 4078 quibus
1050 3993 1330 4056 fuerunt
1375 3989 1684 4072 impositi
1730 3988 1915 4071 equi.

525 4201 648 4264 135.
697 4219 779 4230 —-
833 4201 1011 4260 1302,
1072 4180 1204 4243 dec.
1271 4199 1369 4259 24,
1437 4179 1491 4249 I,
1555 4177 1599 4240 l.
1656 4177 2022 4240 Cremonae
2078 4173 2155 4236 in

613 4297 789 4339 cons.
829 4273 1150 4359 gabellae.
1209 4273 1275 4348 C,
1331 4292 1467 4351 1¹9·

608 4411 928 4474 Provisio
953 4409 1268 4490 gabellae
1295 4408 1480 4489 quod
1505 4406 1683 4468 ratio
1708 4405 1794 4466 de
1821 4403 2155 4484 expensis

525 4515 595 4568 et
642 4506 727 4566 de
789 4502 1189 4566 introitibus
1255 4501 1489 4582 pontis
1553 4497 1817 4561 Doxoli
1885 4497 2158 4560 reddita

578 4819 638 4869 (1)
668 4819 718 4858 In
749 4816 930 4868 seguito
959 4817 1047 4856 alla
1065 4815 1360 4866 prov-visione
1380 4814 1453 4856 del
1475 4815 1524 4856 28
1545 4813 1738 4862 ottobre,
1762 4817 1944 4864 quatu-o
1963 4813 2157 4864 sapienti

521 4880 644 4922 della
673 4879 860 4920 Gabella
889 4889 1098 4919 avevano
1124 4877 1377 4918 esaminato
1401 4877 1534 4918 ilibri
1553 4877 1839 4917 dell’entrata
1857 4887 1884 4916 e
1903 4873 2161 4916 dell'uscita

521 4942 598 4984 del
635 4947 775 4992 ponte
812 4941 860 4982 di
899 4941 1114 4990 Dossolo,
1145 4939 1341 4980 durante
1375 4939 1419 4980 la
1459 4939 1668 4990 gestione
1704 4938 1752 4978 di
1790 4937 1903 4978 frate
1941 4937 2155 4986 Cabrino,

523 5004 722 5045 massaio
751 5003 812 5046 fin
843 5003 918 5044 dai
949 5003 1087 5053 tempi
1118 5001 1164 5042 di
1195 5001 1396 5042 Roberto
1425 5001 1546 5042 dela
1566 5001 1726 5043 Crotta
1743 5000 1939 5052 potesta,
1962 5000 2064 5040 cioe
2084 4999 2159 5040 dal

523 5065 727 5108 secondo
755 5071 976 5107 semestre
991 5065 1064 5106 del
1087 5077 1204 5116 1²94-
1227 5065 1292 5105 Le
1307 5076 1440 5116 spese
1460 5067 1813 5104 ammontavano
1843 5061 1934 5102 fluo
1952 5073 1980 5102 a
1994 5066 2159 5112 questo

524 5131 689 5180 giorno
717 5128 764 5170 in
791 5141 896 5180 ³53²
925 5129 1019 5177 lire,
1051 5141 1077 5180 9
1105 5126 1222 5168 soldi
1242 5138 1268 5168 e
1285 5139 1310 5177 4
1339 5125 1496 5168 denari
1515 5125 1750 5176 imperiali.
1775 5125 1840 5166 Le
1859 5130 2035 5166 entrate
2058 5125 2158 5165 solo

525 5191 572 5232 in
601 5203 706 5243 3434
735 5191 828 5241 lire,
855 5193 906 5232 16
937 5190 1094 5231 denari
1123 5201 1149 5230 e
1178 5201 1351 5230 mezzo.
1382 5189 1420 5230 11
1448 5188 1683 5238 Consiglio
1712 5187 1832 5228 della
1851 5187 2053 5234 Gabene,
2076 5197 2158 5238 ap·

524 5253 765 5305 provando
792 5254 806 5294 i
837 5253 974 5302 conti,
1005 5252 1167 5294 ordina
1193 5252 1256 5303 gli
1283 5251 1352 5292 sia
1379 5257 1548 5302 pagata
1574 5250 1619 5292 la
1646 5250 1890 5292 differenza
1919 5249 1964 5290 di
1993 5249 2155 5300 981ire‚

527 5325 552 5365 7
580 5315 713 5364 soldi,
745 5329 771 5356 e
803 5328 852 5356 1ο
881 5314 1052 5364 denari,
1083 5315 1167 5356 che
1195 5325 1342 5356 aveva
1369 5325 1505 5365 speso
1533 5312 1607 5354 del
1635 5323 1736 5354 suo.

580 5379 641 5429 (2)
670 5379 687 5418 1
718 5377 834 5426 dazi,
867 5376 1066 5428 pedaggi
1095 5388 1120 5417 e
1147 5375 1340 5426 gabelle,
1361 5374 1550 5416 venduti
1568 5374 1642 5416 dal
1661 5373 1852 5416 sindaco
1871 5372 1946 5415 del
1965 5385 2159 5414 comune

525 5449 554 5480 e
581 5438 780 5480 massaio
807 5439 928 5480 della
957 5438 1144 5480 Gabella
1182 5438 1296 5479 frate
1336 5437 1591 5486 Leonardo,
1623 5449 1738 5478 sono
1776 5437 1790 5478 i
1827 5435 1960 5488 primi
1989 5435 2056 5476 sei
2084 5433 2159 5476 dei

1535 259 1804 346 COPICE
1847 257 2365 308 DIPLOMATICO
2408 258 2867 308 CREMONESE

2244 499 2657 582 perfratrem
2687 500 3071 564 Gabrinum
3094 500 3503 562 massarium
3528 499 3619 560 sit
3644 497 3841 562 firma

2246 603 2316 656 et
2345 595 2703 675 aprobata,
2734 605 2805 656 et
2850 595 3040 676 quod
3069 594 3133 656 ei
3164 593 3572 657 restituatur
3597 615 3862 656 summa

2247 708 2454 770 quam
2473 687 2978 773 expendiderat
2998 688 3159 770 plus
3177 708 3387 770 quam
3406 687 3862 769 habuerat(1).

2248 879 2371 954 136.
2412 910 2492 922 -
2545 894 2723 952 1302,
2778 874 2909 938 dec.
2968 895 3079 952 31,
3134 874 3193 948 I,
3250 873 3295 938 l.
3354 874 3739 946 Cremonae,
3794 873 3867 937 in

2333 989 2509 1031 cons.
2546 967 2866 1053 gabellae.
2918 967 2988 1043 C,
3045 989 3181 1032 120.

2333 1107 2652 1170 Provisio
2695 1108 3013 1190 gabellae
3072 1108 3259 1189 quod
3322 1106 3447 1170 fiat
3510 1106 3869 1189 inquisitio

2249 1219 2460 1280 super
2518 1199 2974 1262 diminutione
3040 1199 3404 1262 cuiusdam
3466 1199 3873 1282 quantitatis

2250 1293 2416 1368 vini,
2463 1294 2725 1356 detenti
2778 1293 2849 1356 in
2893 1293 3363 1357 Casalimaiori
3407 1314 3536 1376 per
3568 1302 3871 1375 potesta-

2248 1397 2389 1450 tem
2420 1397 2490 1450 et
2521 1387 2845 1450 conducti
2868 1397 3115 1468 postea
3142 1385 3554 1449 Cremonam
3579 1385 3649 1448 in
3672 1386 3874 1448 Bate-

2248 1481 2480 1552 sterio,
2527 1491 2598 1544 et
2640 1479 3007 1561 culpabilis
3043 1490 3183 1542 tam
3230 1481 3317 1542 de
3350 1479 3630 1564 gabella
3666 1499 3875 1561 quam

2246 1575 2333 1636 de
2378 1574 2533 1638 aliis
2576 1573 2895 1656 personis
2939 1573 3397 1638 incontinenti
3439 1573 3790 1656 puniatur.

2245 1779 2370 1840 137.
2416 1797 2500 1806 -—
2552 1780 2707 1840 1303
2741 1763 2924 1844 (1302
2974 1759 3146 1840 ina),
3180 1759 3316 1824 ian.
3366 1781 3466 1834 22,
3514 1758 3569 1834 I,
3618 1757 3663 1822 l.
3721 1757 3871 1822 Cre-

2331 1874 2569 1917 monae
2611 1853 2685 1916 in
2728 1875 2904 1918 cons.
2940 1853 3094 1940 gab.
3149 1853 3216 1927 C,
3270 1857 3407 1932 136.

2330 1991 2653 2055 Provisio
2698 1992 3016 2074 gabellae
3048 1993 3238 2072 quod
3275 1989 3743 2054 Anzelerinus
3787 1990 3873 2051 de

2247 2085 2529 2166 Nuptiis
2602 2097 3055 2149 conservetur
3118 2085 3465 2148 indemnis
3528 2086 3621 2147 ab
3689 2083 3875 2146 omni

2250 2179 2659 2261 gravamine
2704 2198 2915 2242 onere
2966 2190 3037 2242 et
3101 2179 3355 2241 damno
3420 2180 3613 2260 quod
3682 2177 3879 2240 susti·

2248 2291 2415 2335 nere
2459 2283 2700 2353 posset
2742 2274 2831 2336 ab
2863 2271 3164 2336 Alberto
3194 2273 3460 2345 Scott0‚
3504 2273 3875 2334 occasione

2250 2367 2551 2446 depositi
2598 2385 2679 2446 50
2720 2366 2876 2429 libr.
2922 2365 3162 2447 imper.
3209 2386 3383 2447 quas
3448 2366 3798 2428 habuerat
3837 2386 3877 2426 a

2249 2459 2530 2542 gabella
2556 2460 2627 2522 in
2658 2461 2962 2542 quadam
3007 2459 3415 2542 quaestione
3446 2458 3633 2522 inter
3678 2479 3873 2522 com—

2250 2573 2458 2616 mune
2502 2563 2571 2616 et
2626 2553 3113 2615 Bernabovem
3158 2552 3749 2617 Confanonerium
3803 2561 3871 2612 et

2251 2646 2568 2728 gabellae
2611 2646 3009 2708 restituerat
3052 2645 3211 2728 (cfr.
3266 2666 3445 2724 1303,
3492 2645 3611 2708 iul.
3664 2647 3791 2725 31).

2250 2822 2374 2896 138.
2424 2853 2504 2863 -
2558 2837 2713 2896 1303
2760 2821 2944 2901 (1302
2996 2817 3166 2898 ina),
3213 2817 3348 2880 ian.
3398 2838 3499 2896 30,
3532 2817 3587 2892 I,
3634 2817 3683 2881 l.
3723 2817 3877 2882 Cre-

2338 2935 2575 2978 monae
2618 2915 2693 2978 in
2737 2937 2913 2980 cons.
2950 2915 3104 3000 gab.
3154 2914 3223 2987 C.
3266 2937 3403 2978 121.

2334 3051 2656 3114 Provisio
2702 3053 3021 3135 gabellae
3081 3052 3271 3133 quod
3324 3049 3525 3115 firma
3583 3051 3677 3114 sit
3726 3071 3885 3112 ven-

2253 3144 2424 3209 ditio
2488 3144 2673 3208 facta
2748 3166 2875 3226 per
2932 3144 3276 3208 sindicum
3342 3145 3737 3208 communis
3813 3154 3885 3204 et

2252 3239 2661 3300 massarium
2706 3240 3027 3321 gabellae
3086 3240 3173 3300 de
3230 3238 3581 3320 aliquibus
3642 3237 3881 3309 daciiS,

2250 3332 2563 3412 pedaliiS,
2610 3333 2907 3415 gabellis
2939 3345 3009 3395 et
3038 3331 3219 3395 fictis
3266 3332 3590 3406 civitatis,
3638 3331 3885 3393 subur-

2250 3424 2544 3498 biorum,
2570 3425 3015 3508 episcopatus
3047 3434 3116 3487 et
3146 3425 3503 3489 districtus
3532 3445 3667 3506 pro
3700 3424 3881 3486 solu-

2251 3517 2440 3581 tione
2484 3518 2800 3582 facienda
2844 3520 2931 3582 de
2984 3539 3143 3581 1100
3204 3519 3401 3582 libris
3464 3519 3630 3599 imp.
3697 3516 3882 3598 capi-

2250 3612 2472 3674 taneis
2516 3622 2587 3674 et
2630 3612 3175 3676 conestabilibus
3220 3613 3517 3676 militum
3562 3624 3635 3675 et
3696 3610 3881 3673 bale-

2252 3705 2621 3768 steriorum
2668 3705 3055 3768 communis
3100 3708 3202 3787 (2).

2252 3910 2375 3970 139.
2422 3929 2504 3937 -
2557 3912 2712 3972 1303
2758 3895 2942 3974 (1302
2988 3890 3161 3973 ina),
3196 3889 3385 3976 febr.
3435 3913 3493 3972 9,
3538 3892 3592 3966 I,
3642 3891 3687 3956 l.
3732 3892 3881 3957 Cre·-

2338 4005 2576 4050 m-onae
2620 3985 2693 4049 in
2724 4006 2901 4048 cons.
2924 3985 3075 4069 gab.
3119 3985 3185 4059 C,
3228 3989 3363 4064 138.

2337 4120 2658 4183 Provisio
2685 4121 3001 4204 gabellae
3021 4120 3211 4204 quod
3230 4120 3495 4184 licitum
3520 4122 3612 4185 sit
3632 4121 3885 4186 iterum

2254 4215 2757 4277 mercatoribus
2802 4214 3193 4278 conducere
3238 4215 3453 4278 salem
3498 4226 3568 4280 et
3612 4216 3887 4278 incane-

2256 4328 2423 4371 vare
2466 4307 2537 4370 in
2582 4308 2865 4370 civitate
2910 4307 3295 4372 Cremonae
3339 4319 3410 4371 et
3432 4308 3742 4371 vendere
3788 4307 3885 4370 fo-

2256 4403 2576 4464 rensibus
2622 4405 2711 4483 (v.
2748 4423 2807 4464 a.
2852 4421 3028 4479 1300,
3067 4402 3208 4464 iun.
3243 4423 3298 4476 2,
3336 4423 3396 4464 a.
3438 4423 3616 4480 1301,
3664 4403 3784 4465 iul.
3817 4423 3883 4480 43

2258 4515 2316 4557 a.
2359 4513 2536 4574 1302,
2570 4495 2748 4557 mad.
2800 4497 2919 4577 31).

3114 4679 3885 4688 ’.ψ-

2258 4811 2533 4854 documento
2566 4824 2681 4862 1309,
2714 4811 2771 4860 D,
2802 4823 2841 4862 3,
2873 4810 2903 4851 11
2932 4821 3069 4860 110110,
3102 4809 3129 4851 11
3165 4809 3343 4852 decimo
3380 4821 3406 4850 e
3444 4809 3473 4850 11
3501 4807 3808 4853 tredicesimo.
3840 4805 3883 4846 di

2256 4875 2333 4926 piu
2362 4875 2405 4916 le
2432 4875 2611 4926 gabello.
2642 4889 2663 4912 ι
2692 4874 2957 4916 tranversiae
2986 4889 3007 4910 ι
3038 4885 3067 4913 o
3094 4887 3123 4910 ι
3140 4872 3199 4914 (18
3226 4873 3361 4914 rebus
3387 4871 3651 4912 tranversiis
3669 4885 3697 4910 v
3720 4875 3887 4920 pagate

2256 4938 2333 4980 dai
2362 4937 2557 4980 Comuni
2584 4936 2630 4978 di
2662 4936 2874 4985 Piadena,
2906 4935 3295 4986 casalmaggiore,
3328 4935 3529 4976 Portiolo
3555 4946 3582 4975 e
3612 4931 3883 4983 Regazzola,

2256 5001 2271 5041 i
2300 5000 2386 5042 fitti
2414 5000 2531 5042 delle
2563 5015 2583 5038 «
2612 4999 2764 5050 ghiaie
2793 5013 2815 5036 ι
2846 4998 2891 5040 111
2920 5010 3079 5039 mezzo
3105 4997 3191 5038 alle
3210 4997 3375 5038 vicinie
3394 4996 3440 5038 di
3459 4995 3549 5042 San
3572 4995 3731 5045 Biagio
3750 5007 3777 5035 e
3794 4994 3887 5034 San

2259 5064 2475 5112 Bassano,
2506 5061 2733 5112 registrari
2764 5060 2884 5102 118110
2912 5066 3061 5102 stesso
3089 5059 3379 5108 documento,
3402 5071 3427 5099 e
3451 5058 3466 5098 i
3494 5059 3578 5100 fitti
3600 5057 3719 5099 delle
3736 5055 3887 5106 ghiaie

2257 5125 2331 5166 del
2362 5126 2440 5166 Po.
2474 5127 2539 5165 Le
2572 5135 2673 5165 1100
2700 5123 2781 5164 lire
2806 5123 3008 5164 ricavate
3045 5121 3289 5164 andavano
3324 5133 3351 5162 a
3390 5121 3589 5170 Fragino
3626 5119 3671 5160 di
3712 5120 3886 5164 Durno,

2258 5187 2427 5228 Enrico
2455 5187 2503 5228 di
2533 5183 2789 5234 Ricardino,
2824 5184 3061 5233 Bertolaya
3089 5183 3136 5225 di
3158 5185 3391 5233 Mantova,
3414 5182 3612 5234 capitani
3630 5195 3658 5223 e
3674 5185 3887 5222 conesta-

2256 5249 2335 5290 bili
2363 5250 2438 5291 dei
2466 5249 2595 5290 militi
2623 5248 2872 5290 baleatrieri
2900 5247 2943 5288 al
2972 5246 3165 5288 servizio
3192 5245 3241 5287 di
3268 5247 3510 5296 Cremona,
3532 5257 3559 5286 e
3586 5256 3614 5286 a
3644 5243 3813 5285 Maffeo
3840 5241 3871 5281 d

2258 5312 2520 5354 Nonantola
2547 5311 2759 5362 capitano
2788 5323 2813 5351 e
2840 5309 3119 5351 conestabile
3139 5307 3213 5349 dei
3236 5307 3487 5350 halestrieri
3506 5306 3625 5349 della
3644 5305 3785 5356 taglia
3802 5305 3887 5345 im-

2258 5379 2393 5424 posta
2419 5385 2447 5415 a
2476 5375 2718 5416 Cremona.
