4050 6109
499 261 625 336 156

1501 266 1770 317 CODICE
1813 263 2333 314 DIPLOMATICO
2378 263 2834 312 CREMONESE

2912 393 3186 402 ———————
3343 395 3464 402 -—
3507 395 3780 402 ——-——-—
3807 395 3845 402 -ι

491 522 564 576 01
609 531 982 594 processus
1041 509 1222 572 firmi
1268 520 1337 573 et
1403 509 1619 572 validi
1665 508 1806 570 sint
1863 516 1934 569 et
1991 526 2123 587 pro
2220 509 2343 582 189.
2388 541 2473 552 —
2524 524 2703 584 1307,
2736 502 2911 568 mad.
2946 525 3005 584 9,
3060 506 3133 577 V,
3168 503 3208 568 l.
3242 509 3453 588 super
3486 503 3673 568 domo
3693 504 3847 588 gab.

491 605 1018 688 provisionibus
1060 604 1451 666 habeantur
1501 613 1571 665 et
1627 600 2125 664 inviolabiliter

491 697 856 762 observari
881 699 1182 761 debeant
1205 716 1331 778 per
1355 694 1685 759 officiales
1713 693 2121 758 communiS.

488 892 616 967 185.
659 923 746 936 -·
798 906 978 966 1307,
1025 891 1174 968 apr.
1223 905 1322 962 30,
1395 885 1467 958 V,
1512 883 1557 946 l.
1601 888 1814 966 super
1861 879 2124 965 palatio

570 981 723 1065 gab.
780 981 1165 1079 Cremonae.
1222 978 1290 1053 C,
1345 983 1481 1056 183.

575 1115 897 1178 Provisio
924 1113 1242 1197 gabellae
1275 1112 1466 1194 quod
1496 1111 1853 1176 Sandonio
1886 1112 1974 1175 de
2003 1113 2129 1174 La-

490 1209 640 1271 lora
684 1220 755 1272 et
799 1208 1006 1272 sociis
1053 1207 1458 1270 restituatur
1503 1205 1778 1269 dacium
1840 1206 1928 1268 de
1987 1226 2127 1268 una

491 1323 671 1366 nave
717 1302 881 1365 salis
927 1301 1256 1364 afondata
1300 1301 1371 1362 in
1417 1298 1704 1362 flumine
1749 1299 2004 1361 Aduae
2054 1299 2128 1362 in

485 1397 903 1477 episcopatu
953 1394 1354 1458 Cremonae.
1413 1393 1589 1457 Item
1637 1394 1825 1475 quod
1873 1394 2129 1456 debeat

490 1489 764 1552 restitui
789 1489 1067 1551 dacium
1093 1489 1181 1549 de
1205 1486 1506 1549 navibus
1530 1486 1696 1548 salis
1727 1506 1908 1567 quae
1937 1485 2130 1549 afon-

490 1583 736 1645 darent
783 1592 853 1645 et
896 1581 1205 1663 perirent
1249 1580 1322 1642 in
1366 1580 1688 1643 districtu
1723 1579 2127 1644 Cremonae.

490 1787 620 1847 186.
665 1820 748 1830 —
802 1805 981 1864 1307,
1014 1784 1190 1846 mad.
1227 1803 1283 1858 2,
1333 1784 1405 1857 V,
1438 1783 1481 1846 l.
1513 1791 1724 1868 super
1759 1783 1951 1848 domo
1973 1783 2107 1868 gab

578 1880 648 1940 et
686 1877 761 1940 in
809 1898 986 1940 cons.
1024 1875 1276 1961 populi
1323 1876 1710 1942 Cremonae.
1766 1879 1832 1953 C,
1889 1883 2025 1942 181.

583 2015 906 2078 Provisio
940 2015 1258 2098 gabellae
1293 2015 1482 2096 quod
1514 2014 1753 2077 vinum
1776 2015 2131 2078 Marchiae

497 2109 732 2172 solvat
778 2128 811 2188 5
861 2108 1099 2171 soldos
1143 2128 1271 2189 pro
1321 2108 1634 2190 quolibet
1678 2109 1988 2170 sextario
2041 2110 2131 2188 (v.

497 2223 557 2265 a.
614 2222 791 2281 1305,
838 2201 936 2264 iul
989 2203 1105 2276 10).
1136 2202 1312 2264 Item
1339 2202 1528 2283 quod
1554 2202 1717 2266 vina
1745 2200 2129 2274 foresteria,

499 2315 679 2378 quae
725 2297 1194 2358 venderentur
1239 2315 1280 2356 a
1315 2315 1349 2372 3
1383 2295 1538 2356 den.
1571 2313 1784 2376 supra
1812 2313 1942 2375 pro
1973 2314 2133 2376 qua·

495 2389 668 2452 libet
726 2389 992 2464 bozola,
1055 2386 1374 2452 similiter
1431 2389 1728 2450 debeant
1770 2387 2130 2471 gabellari.

493 2483 672 2545 Item
697 2483 887 2564 quod
918 2481 1085 2544 vina
1119 2481 1481 2545 foresteria
1515 2495 1586 2544 et
1632 2481 2129 2554 cremonensia,

509 2595 688 2658 quae
733 2576 1204 2638 venderentur
1246 2575 1338 2638 ab
1380 2594 1520 2637 uno
1564 2575 1848 2638 denario
1908 2595 2131 2657 usque

495 2669 590 2731 ad
653 2677 796 2730 tres
841 2687 970 2748 pro
1025 2668 1336 2750 qualibet
1377 2668 1636 2740 bozola,
1683 2668 1957 2730 solvere
2016 2669 2130 2730 de-

497 2761 715 2826 beant
761 2778 795 2840 5
843 2763 1081 2824 soldos
1126 2762 1371 2842 imper.
1415 2781 1544 2842 pro
1589 2762 1904 2842 quolibet
1937 2763 2131 2844 plau-

501 2863 672 2918 str0.
732 2855 906 2917 Item
956 2855 1145 2936 quod
1191 2856 1418 2918 dictae
1475 2853 1917 2936 provisiones
1965 2875 2129 2916 ven-

515 2947 750 3010 dicent
809 2949 942 3011 sibi
1001 2949 1233 3011 locum
1294 2949 1356 3012 si
1429 2969 1474 3010 a
1538 2948 1828 3012 consilio
1887 2948 2131 3030 populi

502 3040 952 3103 reformatum
985 3042 1117 3104 erit
1158 3042 1348 3123 quod
1382 3041 1546 3104 vina
1577 3041 1936 3121 praedicta
1966 3061 2131 3103 ven-

497 3134 754 3196 dantur
801 3134 888 3196 311
933 3133 1273 3198 rationem
1327 3155 1400 3214 14
1446 3135 1806 3197 unciarum
1849 3152 1980 3216 pro
2009 3136 2129 3197 bo-

499 3227 670 3290 zola.
707 3227 882 3290 Item
945 3229 1135 3309 quod
1179 3229 1536 3310 praedicta
1579 3229 1777 3290 dacia
1822 3229 2131 3290 habeant

501 3320 732 3383 locum
795 3321 866 3383 in
933 3321 1218 3384 civitate
1285 3330 1354 3383 et
1400 3321 1717 3384 districtu
1763 3331 1832 3383 et
1876 3317 2131 3384 du'rent

499 3434 722 3495 usque
771 3415 862 3476 ad
918 3413 1173 3478 festum
1241 3415 1311 3477 S.
1377 3414 1740 3478 Michaelis
1805 3415 2131 3497 proxime

493 3519 890 3570 venturum.
955 3508 1131 3571 Item
1205 3509 1394 3589 quod
1469 3508 1762 3590 quilibet
1830 3507 2129 3571 forensis

493 3601 725 3666 eundo
770 3613 840 3663 et
879 3602 1234 3664 redeundo
1267 3621 1479 3683 super
1508 3614 1721 3682 ponte
1751 3602 1946 3676 Padi,
1985 3615 2130 3666 tam

489 3705 818 3776 equester
880 3714 1092 3776 quam
1149 3696 1498 3776 pedester,
1555 3695 1829 3759 solvere
1875 3697 2131 3759 debeat

493 3787 788 3868 duplum
853 3789 940 3850 de
999 3807 1085 3851 eo
1145 3790 1336 3871 quod
1387 3790 1550 3852 hinc
1603 3799 1790 3851 retro
1855 3791 2131 3852 solvere

493 3892 1036 3944 consueverunt.
1079 3881 1254 3944 Item
1302 3882 1491 3964 quod
1536 3882 1638 3944 illi
1696 3882 1816 3964 qui
1867 3883 2130 3946 habent

497 3974 776 4036 bladam
844 3994 1058 4055 super
1120 3976 1329 4038 domo
1387 3975 1708 4058 gabellae
1768 3975 1838 4038 S.
1897 3977 2127 4038 Lucae

494 4067 800 4130 debeant
854 4069 1132 4130 solvere
1187 4091 1225 4147 4
1286 4069 1609 4132 denarios
1669 4070 1755 4132 de
1813 4070 2131 4152 quolibet

505 4160 739 4224 modio
768 4170 847 4224 111
875 4161 992 4223 via
1022 4182 1243 4243 prope
1277 4163 1558 4225 domurn
1590 4163 1873 4225 soletur.

502 4368 627 4442 187.
677 4395 748 4407 --
809 4382 986 4444 1307,
1025 4360 1200 4426 mad.
1240 4381 1296 4442 5,
1339 4363 1411 4435 V,
1442 4361 1486 4426 l.
1515 4369 1725 4448 super
1759 4363 1951 4426 domo
1973 4363 2127 4447 gab.

599 4456 983 4521 Cremonae.
1041 4458 1107 4529 C,
1163 4462 1297 4536 184.

579 4591 903 4655 Provisio
928 4593 1245 4673 gabellae
1276 4593 1469 4674 quod
1497 4612 1703 4654 nemo
1733 4593 1986 4655 audeat
2016 4593 2130 4654 vel

498 4693 900 4766 praesumat
947 4685 1249 4747 vendere
1307 4685 1545 4748 vinum
1593 4696 2000 4749 nostranum
2057 4686 2129 4748 in

495 4779 785 4842 civitate
830 4795 901 4840 et
945 4778 1299 4840 suburbiis
1346 4779 1527 4842 ultra
1569 4789 1711 4842 tres
1769 4779 2129 4842 medianos

495 4890 626 4952 pro
672 4871 984 4953 qualibet
1027 4872 1274 4934 bozola
1313 4875 1402 4954 (v.
1450 4892 1511 4934 a.
1574 4893 1754 4952 1307,
1803 4875 1985 4936 mad.
2049 4873 2129 4952 2).

493 5080 618 5140 188.
662 5111 752 5123 -
802 5097 977 5156 1307,
1025 5074 1114 5138 id.
1163 5073 1250 5138 id.
1308 5077 1375 5149 C,
1432 5080 1566 5155 185.

557 5211 903 5278 ‚Provisio
921 5209 1128 5275 officii
1147 5213 1467 5296 gabellae
1491 5214 1681 5296 quod
1702 5223 2133 5277 restauretur

498 5325 772 5368 murum
818 5304 1123 5369 civitatis
1183 5307 1374 5390 quod
1431 5317 1540 5369 est
1596 5305 1796 5370 iuxta
1851 5318 2129 5391 portam

495 5418 755 5462 novam
800 5400 886 5462 de
931 5420 1141 5462 avere
1187 5399 1524 5482 gabellae.

2316 599 2701 663 Cremonae.
2758 598 2824 673 C,
2880 619 2900 660 1
2916 603 3017 662 86.

2307 733 2628 797 Provisio
2674 734 2997 815 gabellae
3026 734 3217 814 quod
3254 734 3615 796 solvantur
3642 733 3853 796 Fran-

2222 826 2410 890 cisco
2433 828 2520 889 de
2543 826 2954 900 Pocaterris,
2988 827 3155 889 olim
3183 827 3549 908 capitaneo
3580 827 3845 908 populi,

2222 938 2298 1000 25
2342 922 2561 984 librae
2598 921 2863 1002 imper„
2900 921 2969 982 in
3004 927 3179 1002 quas
3211 920 3609 984 sindacatus
3643 920 3855 983 fuerit

2222 1014 2477 1077 iniuste
2506 1015 3056 1077 Rambertucius
3095 1013 3182 1076 de
3228 1014 3647 1099 ArgoyosiS,
3686 1015 3853 1076 olim

2224 1108 2629 1189 capitaneus
2659 1109 2922 1190 populi,
2954 1109 3042 1170 de
3065 1107 3319 1190 quibus
3344 1107 3703 1171 solvendis
3727 1129 3856 1190 pro

2224 1203 2733 1265 Rambertucio
2779 1212 3069 1265 steterat
3116 1202 3517 1283 praedictus
3574 1203 3631 1265 F
3632 1203 3855 1266 ranci-

2227 1315 2387 1358 scus
2416 1315 2633 1376 penes
2662 1295 2941 1358 fratrem
2972 1296 3413 1358 Leonardum
3442 1298 3857 1360 massarium

2228 1390 2568 1472 gabellae,
2616 1389 2675 1453 si
2719 1389 2905 1452 iusta
2939 1399 3009 1452 et
3052 1389 3366 1472 legitima
3410 1389 3657 1454 fuisset
3704 1410 3861 1454 con-

2229 1483 2601 1548 demnatiO.

2232 1691 2357 1750 190.
2399 1708 2485 1719 -
2538 1692 2723 1752 1307,
2772 1671 2945 1736 mad.
3001 1691 3103 1752 15,
3174 1673 3247 1746 V,
3301 1672 3343 1736 l.
3396 1678 3607 1758 super
3668 1672 3860 1736 domo

2309 1765 2461 1851 gab.
2514 1766 2899 1831 Cremonae.
2956 1767 3022 1840 C,
3078 1771 3215 1847 187.

2316 1905 2637 1968 Provisio
2652 1905 2971 1988 gabellae
2985 1908 3171 1988 quod
3186 1909 3667 1972 scribanturin
3680 1907 3859 1971 libro

2232 1999 2579 2080 dispendii
2594 1999 2911 2082 gabellae
2932 2005 2969 2063 8
2984 2000 3205 2064 librae
3220 2001 3465 2082 imper.
3482 2023 3663 2084 quas
3684 2023 3860 2066 mas-

2230 2090 2453 2155 sarius
2470 2092 2681 2156 solvit
2699 2105 3001 2175 quatuor
3018 2095 3437 2176 iurisperitis
3454 2115 3578 2160 5011
3594 2097 3865 2177 sapien-

2228 2185 2418 2248 tibus
2439 2206 2569 2267 pro
2596 2188 3009 2250 advocando
3039 2199 3112 2250 et
3138 2189 3486 2271 alegando
3518 2190 3859 2252 rationem

2230 2281 2617 2343 communis
2670 2291 2741 2344 et
2794 2281 3113 2363 gabellae
3172 2294 3416 2345 contra
3472 2283 3860 2346 caurcinos.

2228 2501 2341 2560 191.
2384 2519 2471 2530 —
2522 2503 2709 2561 1307,
2757 2483 2931 2546 mad.
2985 2488 3057 2547 18
3102 2496 3171 2549 et
3240 2507 3333 2566 19,
3406 2487 3491 2561 V,
3547 2486 3592 2551 l.
3648 2492 3859 2570 super

2226 2646 2235 2653 ‚
2314 2575 2503 2639 domo
2538 2575 2690 2662 gab.
2746 2577 3129 2642 Cremonae.
3186 2580 3252 2652 C,
3307 2585 3442 2644 188.

2312 2711 2636 2774 Provisio
2682 2713 3025 2795 gabellae,
3080 2716 3464 2778 secundum
3523 2716 3855 2781 reforma-

2228 2803 2486 2868 tionem
2533 2806 2807 2870 consilii
2852 2826 3011 2888 gen.
3056 2809 3467 2885 communiS,
3502 2813 3697 2891 quod
3730 2814 3862 2875 sol·

2229 2909 2480 2962 vantur
2524 2900 2613 2962 de
2656 2919 2865 2962 avere
2910 2903 3227 2984 gabellae
3282 2923 3400 2966 100
3442 2905 3662 2968 librae
3698 2905 3861 2988 imp.

2230 2993 2609 3056 conventui
2638 2991 2925 3056 fratrum
2958 2994 3320 3070 minorum,
3352 2998 3727 3062 occasione
3758 3020 3863 3063 ca-

2224 3085 2429 3168 pituli
2500 3087 2812 3168 ipsorum
2877 3086 3166 3151 fratrum
3233 3090 3426 3172 quod
3493 3094 3856 3155 conveniri

2226 3180 2435 3242 debet
2477 3180 2759 3243 insimul
2792 3179 2862 3243 in
2908 3181 3095 3244 dicta
3135 3183 3437 3256 civitate,
3471 3185 3562 3246 ad
3608 3186 3749 3249 hoc
3786 3198 3859 3249 ut

2225 3272 2419 3335 Deus
2442 3274 2885 3355 omnipotens
2916 3283 2986 3336 et
3016 3275 3239 3337 Maria
3269 3275 3421 3340 eius
3453 3289 3675 3342 mater
3701 3281 3857 3343 bea-

2225 3365 2495 3430 tissima
2538 3367 2918 3449 dignentur
2948 3389 3366 3432 conservare
3396 3370 3759 3436 civitatem
3790 3374 3859 3436 in

2227 3461 2487 3522 bonum
2540 3474 2610 3523 et
2660 3460 3029 3543 pacificum
3092 3473 3369 3526 statum.
3426 3462 3603 3528 Item
3664 3467 3857 3548 quod

2228 3554 2502 3616 dacium
2532 3555 2619 3617 de
2642 3554 3039 3619 fornacibus
3064 3555 3371 3619 civitatis
3401 3567 3471 3620 01
3499 3559 3861 3641 episcopa-

2228 3658 2360 3719 tus,
2384 3649 2583 3711 salvo
2598 3649 2924 3720 Soncino,
2942 3651 3197 3713 debeat
3212 3649 3551 3714 incantari
3570 3653 3658 3714 de
3676 3673 3859 3716 anno

2226 3741 2297 3803 in
2342 3760 2618 3816 annum,
2656 3743 3037 3806 secundum
3072 3752 3347 3808 veteres
3392 3745 3857 3827 provisioneS.

2226 3963 2350 4021 192.
2402 3979 2476 3990 --
2535 3965 2713 4025 1307,
2758 3943 2936 4008 mad.
2975 3966 3068 4025 19,
3126 3947 3197 4018 V,
3230 3953 3439 4030 super
3475 3947 3667 4012 domo
3694 3949 3847 4034 gab.

2324 4037 2710 4101 Cremonae.
2768 4038 2835 4112 C,
2889 4058 3025 4118 191.

2311 4176 2693 4241 Consilium
2739 4178 3062 4259 gabellae
3106 4179 3350 4241 statuit
3404 4180 3593 4260 quod
3662 4177 3857 4242 firma

2228 4269 2317 4333 sit
2362 4280 2430 4333 et
2474 4289 2601 4350 pro
2646 4271 3052 4350 provisione
3080 4271 3423 4334 habeatur
3455 4268 3856 4334 reformatio

2225 4363 2497 4427 consilii
2544 4383 2703 4446 gen.
2750 4365 3139 4427 communis
3182 4362 3367 4429 facta
3398 4385 3492 4428 ex
3520 4366 3853 4447 petitione

2226 4458 2759 4520 ambaxatorum
2802 4458 3151 4540 Pergami,
3198 4459 3389 4541 quod
3434 4470 3853 4523 mercatores

2227 4552 2562 4614 ducentes
2616 4552 2832 4614 salem
2888 4553 2973 4613 de
3038 4551 3377 4614 Cremona
3438 4553 3855 4636 Pergamum

2227 4644 2685 4708 subleventur
2727 4667 2770 4707 a
2813 4646 3221 4728 gravamine
3266 4647 3504 4708 nuncii
3534 4647 3853 4710 mittendi

2228 4759 2269 4800 a
2312 4738 2593 4820 gabella
2637 4759 2797 4802 cum
2842 4740 2988 4802 sale
3033 4760 3255 4821 usque
3298 4741 3388 4802 ad
3431 4740 3850 4823 Pergamum

2226 4831 2338 4914 (V.
2384 4850 2443 4894 a.
2498 4851 2679 4912 1302,
2725 4853 2888 4896 11011.
2938 4855 2993 4906 2,
3040 4832 3112 4907 C,
3168 4836 3325 4914 117).

2298 5034 2407 5088 Die
2442 5033 2669 5088 veneris
2704 5033 3091 5088 decimonono
3128 5035 3324 5089 madii.

2296 5111 2676 5177 Congregatis
2700 5111 3007 5165 abbatibus
3038 5119 3095 5164 et
3111 5111 3466 5177 sapientibus
3489 5112 3715 5180 gabelle
3742 5131 3856 5166 ma-

2228 5203 2341 5254 gne
2376 5187 2664 5240 Cremone
2698 5203 2872 5254 super
2905 5187 3086 5241 domo
3121 5187 3273 5241 dicte
3308 5190 3533 5254 gabelle
3564 5206 3726 5243 more
3759 5206 3855 5243 so-

2227 5265 2349 5324 lito,
2386 5266 2488 5330 qui
2512 5264 2747 5318 fuerunt
2780 5281 3025 5318 numero
3050 5265 3251 5331 viginti
3275 5275 3521 5332 septem,
3548 5267 3699 5320 sacto
3732 5283 3855 5332 par-

2226 5341 2333 5394 tito
2368 5341 2514 5394 inter
2558 5356 2662 5394 eos
2706 5357 2811 5407 per
2856 5340 3159 5394 dominum
3202 5342 3523 5396 Zoaninum
3563 5341 3639 5396 de
3674 5343 3855 5396 Tintis

2227 5417 2519 5482 abbatem,
2558 5434 2664 5486 pro
2710 5434 2774 5471 se
2819 5426 2877 5472 01
2918 5418 3091 5472 500115
3124 5418 3261 5480 51115,
3288 5419 3761 5475 refformaverunt
3790 5435 3855 5472 50
