4050 6109
521 292 597 368 76

521 437 687 444 ——-—

513 548 882 610 terminum
930 549 1019 610 ad
1066 569 1273 631 quem
1317 561 1552 630 partes
1599 548 1851 611 iterum
1897 568 1972 611 se
2039 569 2142 612 re-

511 653 959 723 praesentent
981 665 995 719 ;
1028 644 1218 725 quod
1243 643 1583 706 Albertus
1608 643 1890 705 omnino
1914 641 2141 706 facere

514 749 808 800 recusat.

510 929 624 990 116.
671 962 754 972 —
807 945 984 998 1221,
1032 923 1121 988 id.
1167 923 1256 988 id.
1305 923 1400 1000 A,
1451 945 1569 1005 332
1619 945 1654 990 e
1697 929 1840 990 aut.

594 1061 986 1125 Gandulfus
1043 1061 1261 1124 abbas
1323 1059 1490 1124 dicit
1548 1061 1790 1143 Ugoni
1847 1060 2136 1126 Comitis

511 1157 701 1237 quod
745 1166 1029 1238 paratus
1075 1165 1242 1228 erat,
1276 1174 1510 1218 coram
1556 1155 1856 1229 arbitriS,
1887 1155 1977 1218 ad
2021 1156 2136 1218 de-

509 1249 930 1311 fendendum
965 1269 1040 1312 se
1079 1251 1166 1312 ab
1193 1248 1727 1330 exceptionibus
1756 1249 2137 1332 propositis

511 1363 552 1404 a
570 1343 838 1406 sindico
857 1342 1258 1418 Cremonae,
1279 1354 1348 1406 et
1366 1343 1531 1426 Ugo
1551 1345 1930 1424 respondet
1946 1345 2136 1425 quod

510 1457 651 1499 non
697 1438 1026 1501 credebat
1071 1438 1416 1501 sindicum
1460 1438 1707 1501 adesse
1736 1439 2051 1501 Parmae.

509 1663 624 1724 117.
670 1681 753 1690 —
807 1663 986 1717 1221,
1032 1642 1121 1707 id.
1169 1641 1258 1707 id.
1305 1641 1399 1719 A,
1450 1663 1569 1722 333
1617 1663 1653 1707 e
1694 1646 1838 1707 aut.

593 1780 986 1844 Gandulfus
1034 1781 1399 1844 denuntiat
1445 1779 1714 1843 sindico
1747 1779 2137 1844 Cremonae

511 1877 700 1958 quod
759 1877 1064 1938 habebat
1123 1876 1462 1938 arbitrum
1511 1895 1712 1937 suum
1760 1874 2136 1937 Albertum

507 1979 825 2049 paratum
885 1970 976 2032 ad
1033 1968 1414 2032 audiendas
1477 1979 1547 2032 et
1607 1969 2135 2049 cognoscendas

505 2062 955 2144 probationes
1001 2083 1177 2145 quas
1222 2064 1434 2126 vellet
1475 2061 1809 2144 proferre.

515 2275 626 2334 118.
672 2306 755 2315 —
809 2289 987 2342 1221,
1035 2267 1124 2333 id.
1171 2267 1260 2332 id.
1306 2267 1400 2342 A,
1450 2289 1572 2348 334
1617 2287 1653 2331 e
1695 2270 1836 2331 aut.

592 2405 686 2470 A.
745 2407 834 2469 de
891 2405 1216 2468 Baioaria
1285 2404 1659 2468 denunciat
1707 2402 2002 2466 Iohanni
2048 2403 2136 2465 de

510 2500 912 2564 Bertamata
964 2510 1032 2563 et
1087 2499 1236 2562 eius
1283 2499 1540 2572 domui,
1600 2499 1674 2560 in
1718 2518 1858 2580 qua
1900 2497 2136 2578 hospi-

507 2604 693 2657 tatus
737 2608 886 2657 erat
931 2593 1241 2656 sindicus
1285 2591 1684 2666 Cremonae,
1732 2592 1923 2674 quod
1953 2591 2139 2654 dicat

511 2688 573 2749 ei
606 2689 796 2769 quod
827 2687 1063 2751 veniat
1088 2707 1320 2751 coram
1347 2706 1441 2760 se,
1469 2687 1632 2768 quia
1673 2695 1958 2768 paratus
1991 2694 2137 2748 erat

510 2781 601 2843 ad
625 2782 1152 2864 cognoscendas
1181 2781 1633 2863 probationes
1669 2781 1756 2842 de
1787 2780 2138 2861 exceptio-

511 2874 738 2938 nibus.

510 3082 622 3141 119.
669 3100 752 3114 —
807 3084 986 3136 1221,
1035 3062 1124 3128 id.
1172 3061 1260 3127 id.
1306 3063 1400 3136 A,
1451 3081 1569 3145 335
1618 3083 1653 3126 e
1697 3065 1838 3126 aut.

593 3199 759 3282 Ugo
805 3201 1000 3264 venit
1059 3222 1217 3265 cum
1271 3200 1706 3282 sapientibus
1751 3199 2133 3263 Cremonae

509 3296 598 3358 ad
641 3295 1024 3376 hospitium
1071 3296 1158 3358 de
1216 3295 1550 3370 RizardO,
1597 3294 1667 3358 in
1714 3314 1854 3376 quo
1899 3291 2131 3373 hospi-

505 3399 696 3453 tatus
741 3399 890 3452 erat
935 3390 1153 3452 abbas
1199 3399 1268 3452 et
1312 3389 1462 3452 eius
1525 3389 1804 3461 arbiter,
1849 3395 1918 3450 et
1964 3385 2133 3448 dicit

509 3493 584 3546 ut
615 3492 921 3546 statuant
943 3481 1314 3546 terminum
1339 3482 1608 3566 sindico
1633 3483 1721 3545 ad
1753 3501 1828 3545 se
1859 3499 2131 3561 reprae-

505 3577 940 3640 sentandum.
970 3577 1263 3639 Arbiter
1303 3576 1694 3658 respondit:
1739 3573 1972 3637 veniat
2002 3572 2134 3635 sin-

506 3670 704 3733 dicus
750 3669 914 3751 quia
957 3689 1096 3732 non
1143 3679 1247 3732 est
1277 3671 1392 3732 hic
1427 3689 1728 3751 persona
1757 3669 1877 3751 qui
1906 3667 2133 3749 possit

502 3765 599 3828 ita
643 3764 873 3827 dicere
918 3783 1049 3826 nec
1094 3763 1206 3827 cui
1249 3763 1587 3826 terminus
1631 3762 1856 3845 possit
1901 3761 2073 3824 dari.

501 3989 628 4032 120.
674 4006 756 4014 -
810 3988 986 4042 1221,
1035 3966 1153 4031 iul.
1204 3988 1258 4043 2,
1307 3967 1437 4042 IX,
1485 3966 1827 4030 Asutinae.

585 4107 913 4188 Sindicus
982 4107 1100 4168 dat
1165 4105 1446 4187 pignuS,
1506 4105 1859 4187 digestum
1917 4122 2126 4166 unum

501 4221 762 4264 novum
808 4200 878 4262 in
915 4221 1126 4263 manu
1171 4199 1446 4262 abbatis
1479 4199 1548 4263 S.
1596 4198 1961 4261 Benedicti
1996 4218 2127 4279 pro

501 4312 558 4358 X
584 4295 779 4358 libris
805 4293 1034 4357 infort.
1069 4313 1226 4357 cum
1250 4302 1456 4375 pacto
1495 4295 1682 4374 quod
1718 4292 1890 4355 nihil
1922 4291 2129 4354 faciat

501 4399 742 4452 contra
806 4388 1176 4451 utilitatem
1237 4387 1648 4458 Cremonae,
1718 4406 1847 4448 nec
1912 4385 2123 4448 faciet

503 4484 805 4564 priorem
852 4483 937 4546 de
983 4481 1428 4545 Columbario
1485 4481 1598 4542 vel
1643 4479 2124 4563 archipresby-

498 4587 724 4640 terum
772 4577 1239 4640 mutinensem
1284 4595 1448 4637 suos
1494 4573 1783 4636 iudiceS.

499 4801 612 4844 121.
646 4818 727 4827 —
768 4799 946 4852 1221,
979 4777 1098 4842 iul.
1142 4799 1162 4840 1
1186 4799 1234 4851 1,
1271 4777 1400 4848 IX,
1434 4775 1507 4840 in
1540 4773 1922 4861 episcopatu
1955 4777 2122 4841 Ber-

577 4873 900 4958 gamensz’
951 4873 1024 4936 in
1085 4872 1219 4936 loco
1289 4871 1504 4938 Villae
1559 4893 1791 4936 novae.
1851 4872 1944 4943 A,
2005 4892 2122 4951 237

586 4989 621 5031 e
664 4973 804 5031 aut.

579 5103 883 5168 Litterae
958 5105 1231 5168 abbatis
1297 5103 1366 5167 S.
1435 5102 1834 5178 Benedicti,
1901 5101 2121 5166 archi-

493 5199 866 5280 presbiteri
924 5199 1234 5262 Mutinae
1281 5219 1362 5260 ac
1407 5197 1662 5279 prioris
1708 5197 1794 5260 de
1848 5197 2120 5262 Colum-

494 5293 688 5355 bario
747 5293 1058 5355 Redulfo
1114 5294 1200 5355 de
1266 5293 1502 5355 Noxia
1565 5291 1896 5373 potestati
1961 5291 2120 5354 Cre-

495 5407 762 5458 monae,
797 5400 872 5450 ut
903 5387 1108 5450 tertia
1140 5386 1252 5449 die
1282 5396 1441 5467 post
1475 5385 1728 5447 festum
1773 5385 1853 5447 B.
1884 5385 2121 5448 Iacobi

491 5480 892 5566 proximum
925 5483 1016 5544 ad
1053 5501 1127 5544 se
1173 5479 1514 5543 Mutinam
1561 5479 1798 5542 veniat
1843 5479 1956 5542 vel
1988 5479 2117 5540 sal-

1517 299 1788 352 CODICE
1833 299 2353 351 DIPLOMATICO
2396 301 2859 354 CREMONESE

2242 559 2381 612 tem
2416 548 2871 614 sufficientem
2899 559 2967 614 et
2997 553 3368 614 honestum
3392 552 3853 632 responsalem

2241 643 2499 719 mittat,
2556 645 2807 708 dantur
2874 645 2943 706 in
3010 665 3218 708 manu
3274 645 3613 727 praedicti
3673 656 3855 726 pote-

2242 738 2462 801 statis,

2236 943 2361 988 122.
2412 961 2482 972 —
2544 945 2722 998 1221,
2770 923 2889 988 iul.
2940 945 3039 1004 31,
3086 924 3217 999 IX,
3264 923 3609 989 lllutz‘nae.

2318 1062 2595 1126 Iudices
2638 1061 3076 1144 praecipiunt
3104 1062 3423 1144 partibus
3459 1071 3536 1125 ut
3566 1062 3859 1127 debeant

2236 1157 2400 1220 dare
2445 1176 2796 1238 expensas
2843 1156 3015 1238 ipsis
3059 1156 3408 1220 iudicibus
3455 1157 3701 1220 eadem
3748 1158 3855 1220 die

2234 1253 2324 1314 ad
2384 1253 2688 1314 eundum
2741 1271 2870 1332 pro
2928 1249 3254 1313 habendo
3316 1251 3608 1313 consilio
3656 1272 3862 1333 super

2234 1345 2345 1406 his
2390 1365 2572 1428 quae
2601 1344 2965 1426 proposita
2994 1354 3155 1408 sunt
3192 1363 3426 1407 coram
3469 1345 3591 1418 eis,
3638 1355 3710 1408 et
3755 1345 3861 1406 die

2236 1440 2559 1521 proxima
2601 1440 2742 1502 sint
2783 1439 3007 1521 parati
3052 1438 3152 1502 ire
3197 1459 3355 1501 cum
3402 1440 3523 1502 eiS.

2235 1648 2359 1708 ¹23·
2404 1667 2486 1676 -
2541 1649 2720 1704 1221,
2767 1627 2855 1692 id.
2902 1627 2992 1692 id.
3030 1629 3170 1714 Ap.

2320 1765 2495 1836 Azo,
2524 1767 2742 1828 abbas
2767 1765 2837 1828 S.
2863 1765 3247 1841 Benedicti,
3273 1765 3645 1829 committit
3676 1765 3864 1828 vices

2236 1880 2397 1923 suas
2470 1859 2777 1924 Guidoni
2850 1880 3142 1923 monaco
3212 1880 3580 1942 quousque
3654 1880 3867 1923 causa

2236 1953 2443 2017 fuerit
2488 1954 2827 2017 instructa
2871 1966 2941 2015 et
2986 1955 3403 2017 remittenda
3445 1973 3693 2035 papae.

2236 2163 2359 2222 124.
2406 2179 2489 2191 —
2543 2163 2720 2220 1221,
2768 2142 2855 2207 id.
2904 2143 2993 2207 id.
3040 2143 3134 2219 A,
3184 2163 3328 2224 214.

2318 2280 2520 2344 Prior
2554 2281 2641 2344 de
2671 2279 3114 2345 Columbario
3147 2281 3427 2362 delegat
3472 2279 3664 2344 vices
3701 2301 3865 2344 suas

2234 2374 2571 2456 magistro
2601 2374 2979 2449 Arditioni,
3012 2376 3349 2438 canonico
3382 2375 3452 2437 S.
3478 2375 3869 2439 Salvatoris

2236 2468 2651 2532 mutinensis
2697 2469 3061 2532 dioecesis.

2235 2677 2359 2739 125.
2406 2695 2489 2704 —
2541 2679 2717 2733 1221,
2752 2679 2910 2744 aug.
2950 2679 3000 2734 1,
3031 2659 3165 2734 JX,·
3199 2657 3539 2723 Mutinae.
3586 2659 3684 2734 A,
3729 2679 3869 2740 195.

2317 2796 2850 2876 Pandecampus
2882 2795 3164 2876 delegat
3196 2795 3387 2857 vices
3418 2814 3582 2857 suas
3612 2795 3871 2858 iisdem

2235 2887 2541 2952 Guidoni
2598 2898 2667 2951 et
2711 2888 3071 2953 Arditioni
3116 2890 3205 2952 ad
3269 2889 3650 2970 petendum
3703 2909 3867 2952 con-

2235 2982 2485 3046 silium.

2233 3195 2355 3253 126.
2402 3226 2485 3236 -
2538 3208 2717 3266 1221,
2764 3211 2921 3275 aug.
2969 3212 3028 3270 4,
3075 3188 3446 3256 Bononiae.

2318 3327 2645 3392 Sindicus
2719 3330 3102 3395 Cremonae
3172 3337 3602 3410 protestatur
3670 3328 3870 3410 quod

2231 3424 2512 3486 nolebat
2556 3425 2747 3518 quod
2790 3422 3075 3486 Arditio
3130 3433 3200 3485 et
3257 3423 3572 3485 notarius
3616 3422 3865 3485 Ferra-

2232 3518 2541 3580 caballus
2571 3518 2988 3580 interessent
3020 3517 3313 3579 consilio
3345 3517 3510 3599 quia
3550 3517 3867 3579 habebat

2230 3631 2351 3675 eos
2398 3621 2782 3693 suspectos,

2229 3820 2353 3881 127.
2414 3837 2478 3846 —
2532 3819 2711 3872 1221,
2778 3798 2867 3862 id.
2928 3798 3019 3862 id.
3080 3802 3301 3883 (senza
3346 3797 3507 3862 data
3562 3797 3651 3862 ed
3690 3797 3869 3862 indi-

2313 3894 2578 3958 cazz'one
2622 3893 2698 3957 di
2736 3893 2977 3978 luogo).
3026 3894 3118 3970 A,
3169 3914 3292 3957 200
3336 3913 3370 3956 e
3412 3897 3555 3956 aut.

2314 4028 2696 4093 Consilium
2742 4028 3059 4110 magistri
3104 4027 3387 4092 Gratiae
3432 4028 3864 4091 arcidiaconi

2228 4124 2680 4187 bononiensis
2724 4132 2795 4185 et
2838 4124 3072 4204 Papae
3118 4123 3458 4205 capellani
3502 4132 3573 4185 et
3618 4122 3865 4184 Nunni

2227 4217 2683 4280 hastoriensis
2727 4217 3146 4279 arcidiaconi
3195 4226 3263 4280 et
3307 4216 3630 4298 magistri
3674 4217 3865 4279 Tan-

2227 4313 2416 4376 credi
2461 4311 2913 4375 bononiensis
2958 4310 3305 4375 canonici:
3352 4311 3543 4392 quod
3601 4311 3865 4372 iterum

2227 4407 2651 4470 concedatur
2714 4406 3049 4469 terminus
3113 4403 3700 4468 Cremonensibus
3769 4408 3863 4468 ad

2225 4502 2624 4581 probandas
2670 4520 2918 4563 causas
2965 4499 3418 4581 suspicionis,
3464 4519 3700 4562 coram
3752 4519 3865 4563 ar·

2225 4595 2448 4658 bitris.

2291 4797 2610 4853 Consilium
2637 4797 2891 4864 magistri
2918 4796 3115 4852 Gratie
3140 4795 3486 4850 arzidiaconi
3513 4793 3777 4848 Bononie
3802 4804 3865 4848 et

2224 4877 2445 4931 domini
2482 4879 2634 4943 Pape
2681 4874 2980 4942 capellani,
3018 4891 3086 4928 ac
3138 4873 3359 4927 domini
3406 4873 3604 4926 Nunni
3652 4874 3865 4926 hasto-

2223 4954 2424 5006 riensis
2447 4953 2789 5006 arzidiaconi
2811 4960 2869 5005 et
2895 4951 3147 5018 magistri
3168 4953 3220 5003 T
3220 4949 3453 5005 ancredi
3478 4949 3864 5003 bononiensis

2222 5031 2501 5092 canonici,
2540 5032 2653 5084 tale
2689 5039 2803 5084 est:

2292 5107 2464 5174 Quod
2501 5109 2924 5161 Cremonenses
2962 5105 3167 5160 iterum
3206 5105 3457 5160 debeant
3492 5104 3705 5158 habere
3742 5113 3861 5158 ter·

2222 5185 2444 5239 minum
2481 5184 2553 5238 ad
2590 5185 2919 5250 probandas
2954 5199 3156 5237 causas
3208 5182 3615 5250 suspectioniS,
3652 5197 3857 5234 coram

2220 5261 2445 5315 arbitris
2480 5262 2674 5314 electis
2710 5277 2743 5314 a
2788 5261 3073 5327 partibuS,
3111 5261 3293 5314 silicet
3340 5259 3580 5313 domino
3637 5259 3859 5324 Ugone

2220 5340 2294 5392 de
2330 5338 2576 5401 Comite,
2612 5338 2890 5391 canonico
2930 5337 3329 5400 cremonensi,
3368 5345 3427 5390 et
3460 5335 3701 5389 Alberto
3740 5335 3863 5387 Bu-

2218 5416 2434 5479 valotti,
2474 5415 2752 5468 canonico
2786 5415 2971 5481 plebis
3023 5415 3097 5468 de
3144 5414 3433 5474 Baioaria;
3474 5422 3531 5466 et
3580 5411 3627 5464 si
3672 5427 3858 5464 cause

2218 5491 2589 5548 recusationis
2624 5509 2817 5546 coram
2858 5491 2992 5560 ipsis
3028 5491 3252 5547 arbitris
3288 5507 3321 5544 a
3358 5487 3858 5545 Cremonensibus
