4050 6109
505 329 582 390 74
1512 327 1781 376 comcs
1827 327 2347 378 DIPLOMATICO
2392 331 2849 381 CREMoNEsE

500 581 600 632 bat
634 589 693 633 et
727 597 841 647 que
878 581 1106 634 dicebat
1141 591 1198 634 et
1235 599 1350 648 que
1386 582 1642 634 dicturus
1666 590 1786 634 erat
1813 599 1914 647 per
1949 599 2012 634 se
2044 582 2133 634 vel

501 675 605 724 per
639 658 844 722 alium,
883 658 1110 712 dicebat
1154 669 1212 712 et
1255 659 1637 724 protestabat,
1677 658 1838 725 quod
1891 658 2136 712 faciebat

2233 581 2472 634 domino
2498 585 2710 648 Iacopo
2734 584 3031 637 Scarcosio
3049 585 3272 638 sindico
3295 585 3558 638 comunis
3577 587 3859 639 Cremone

2234 667 2292 711 et
2328 659 2561 712 nomine
2598 661 2776 726 ipsius
2812 661 3103 724 comunis;
3134 661 3275 716 dixit
3300 670 3358 715 et
3382 671 3731 728 protestatus
3757 665 3860 716 fuit

501 735 626 788 sine
663 735 980 802 preiudicio
1015 736 1104 789 sui
1141 745 1199 788 et
1235 736 1498 788 comunis
1525 737 1829 799 Cremone,
1858 751 1976 788 non
2001 751 2136 788 con-
2182 772 2187 787 .

501 812 818 866 senciendo
854 812 909 865 in
948 811 1104 878 ipsos
1141 822 1420 879 tanquam
1457 812 1513 864 in
1563 812 1779 866 iudices
1817 829 1922 865 nec
1960 813 2015 865 in
2054 812 2134 864 iu-
2184 835 2187 849 =
2235 811 2308 864 de
2344 823 2538 866 cetero
2574 813 2694 866 sore
2733 816 3032 868 mortalem
3079 816 3373 868 inimicum
3422 817 3683 870 comunis
3722 819 3863 870 Cre-

502 889 891 943 risdictionem
917 889 1346 954 ipsorum‚cum
1372 890 1494 955 ipse
1522 906 1638 942 non
1663 890 1735 942 sit
1756 905 1860 942 nec
1884 905 2133 942 comune
2182 852 2187 959 Ι
2235 906 2408 942 mone
2444 899 2503 942 et
2535 890 2671 944 dicti
2708 891 2929 954 sindici‚
2969 900 3027 945 et
3068 892 3213 946 inter
3266 894 3372 947 hec
3408 894 3583 946 verba
3618 895 3862 948 surrexit

502 968 791 1020 Cremone
816 969 886 1020 de
912 967 1038 1020 foro
1069 966 1308 1019 ecclesie
1334 966 1438 1019 sed
1463 966 1716 1032 imperii;
1744 975 1820 1026 et,
1847 965 2004 1020 salva
2028 969 2135 1019 hac
2182 982 2187 1013 ι
2233 975 2291 1019 et
2325 967 2482 1019 venit
2514 977 2715 1021 contra
2750 985 2885 1021 eum
2923 978 2981 1022 et
3016 969 3199 1022 voluit
3250 987 3385 1022 eum
3438 981 3766 1037 percutere;
3806 982 3863 1026 et

503 1044 862 1111 exceptione,
890 1053 1022 1110 post
1047 1043 1226 1097 multa
1245 1044 1420 1097 verba
1445 1044 1746 1110 proposuit
1763 1043 2135 1111 exceptiones
2234 1043 2467 1110 insuper
2489 1045 2632 1098 dixit
2654 1045 2705 1098 ei
2734 1046 3101 1100 minandum:
3128 1046 3175 1100 si
3204 1047 3431 1100 veneris
3456 1047 3741 1102 Mutinam
3761 1087 3863 1102 .....

504 1122 560 1174 in
599 1122 752 1174 hunc
789 1122 1049 1175 modum.
2234 1121 2292 1173 in
2334 1120 2456 1174 eius
2514 1121 2768 1175 districtu
2832 1123 3035 1176 faciam
3091 1132 3146 1177 te
3198 1124 3485 1178 verberari
3545 1141 3733 1194 usque
3791 1126 3863 1178 ad

577 1200 701 1251 Has
767 1199 1138 1264 exceptiones
1197 1198 1488 1252 dilatorias
1543 1198 1812 1266 proponit
1881 1197 2135 1251 sindicus
2182 1184 2187 1268 Ι
2237 1215 2457 1252 necem.

506 1277 814 1329 Cremone.
2180 1271 2187 1313 ¹

573 1353 724 1404 Dicit
752 1352 906 1404 enim
945 1353 1218 1418 rescripta
1253 1369 1381 1406 esse
1407 1353 1566 1415 falsa,
1593 1361 1649 1406 et
1677 1353 1722 1405 si
1750 1352 2136 1418 reperirentur
2354 1413 2363 1424 Ι
2414 1395 2445 1404 ..
2489 1396 2499 1405 .
2700 1396 2711 1406 .

504 1447 630 1482 esse
669 1447 822 1492 vera,
863 1429 999 1482 dicit
1026 1446 1139 1482 non
1171 1447 1298 1482 esse
1325 1429 1626 1495 impetrata
1651 1445 1754 1496 per
1776 1429 2133 1496 legiptimam
2183 1438 2187 1467 ¹
2236 1395 2447 1462 pallam
2486 1395 2711 1448 mtersm
2749 1406 2805 1449 et
2842 1397 2989 1450 hanc
3024 1407 3237 1450 cartam

502 1522 828 1571 personam,
857 1515 914 1558 et
937 1506 985 1558 si
1021 1507 1364 1571 reperiretur
1388 1523 1515 1558 esse
1542 1507 1847 1572 impetrata
1873 1522 1976 1571 per
2000 1507 2136 1571 legi·
2182 1488 2187 1555 Ι

503 1582 742 1647 ptimam
781 1599 1107 1647 personam,
1155 1583 1292 1635 dicit
1327 1599 1455 1636 esse
1493 1583 1794 1649 impetrata
1839 1599 1941 1649 per
1978 1599 2136 1635 men-
2183 1588 2187 1645 ξ
2234 1607 2309 1680 96
2375 1641 2455 1648 —
2510 1619 2656 1666 1221
2735 1607 2863 1687 apr
2958 1625 2998 1666 O
3064 1604 3187 1670 [Υ
3229 1600 3527 1666 Bersellz·
3580 1602 3647 1666 Α
3728 1625 3839 1666 ‘²2’

504 1659 732 1710 dacium
771 1669 830 1712 et
856 1659 1027 1712 tacita
1051 1660 1289 1712 veritate
1318 1668 1374 1712 et
1399 1660 1672 1724 subgesta
1695 1659 1957 1712 salsitate.
1989 1661 2134 1712 Item
2183 1652 2186 1663 '
2314 1650 2327 1664 ⁸
2508 1718 2521 1730 ,
2669 1653 2686 1675 '
2796 1659 2798 1662 ⁴
2868 1652 2881 1666 '
2920 1625 2952 1683 3
3002 1651 3016 1676 ’
3106 1651 3133 1666 ⁴
3180 1650 3194 1672 ’
3428 1653 3434 1658 ’
3524 1651 3538 1664 “
3661 1653 3675 1678 ’
3722 1652 3751 1666 ”
3814 1647 3862 1684 ”

503 1735 639 1788 dicit
664 1736 1204 1802 archipresbiterum
1233 1737 1454 1789 Mutine
1474 1753 1600 1788 esse
1622 1745 1680 1789 et
1704 1737 1878 1789 fuisse
1906 1752 2136 1802 semper
2182 1706 2187 1761 ff
2323 1718 2439 1777 3²7
2486 1723 2517 1760 ὁ
2564 1702 2703 1760 aul·

501 1831 536 1864 a
555 1821 816 1878 tempore
829 1813 1084 1878 rescripti
1105 1821 1162 1866 et
1183 1813 1588 1880 rescriptorum
1607 1814 2131 1874 excomunicatum,
2182 1842 2186 1893 Ι

503 1905 632 1942 esse
668 1898 725 1942 et
761 1906 990 1955 semper
1025 1890 1251 1942 stetisse
1286 1889 1343 1942 in
1382 1890 1918 1943 excomunicatione
1948 1905 2135 1956 usque
2181 1934 2185 1961 Ι
2360 1929 2372 1942 .
2450 1931 2465 1944 .
2536 1929 2586 1944 η.
2682 1930 2694 1943 .
3243 1930 3255 1940 .
3714 1929 3727 1941 .
3808 1931 3819 1941 .
3850 1951 3858 1962 ,

503 1982 675 2018 nune.
707 1967 851 2018 Item
887 1966 1024 2020 dicit
1062 1966 1280 2019 dictum
1317 1966 1855 2032 archipresbiterum
1894 1975 1950 2019 et
1985 1965 2135 2032 prio·
2232 1931 2379 1991 ban
2421 1933 2491 1990 b·
2516 1933 2701 1991 blxtl
2747 1940 2823 1991 ut
2854 1940 3017 2011 Post
3070 1950 3139 2009 ¹7
3191 1929 3341 1992 dles
3380 1949 3539 1992 cum
3576 1930 3862 1992 arban*

503 2059 623 2094 rem
662 2043 735 2095 de
764 2043 1136 2095 Columbario
1162 2059 1289 2096 esse
1316 2043 1699 2096 removendos
1727 2053 1789 2096 ut
1813 2050 2131 2108 suspectos,
2234 2025 2421 2103 aPUd
2485 2023 2799 2104 Regium
2866 2023 3167 2098 veniant,
3230 2034 3299 2086 et
3366 2023 3737 2086 303ΓοΟὸἱο
3794 2034 3866 2086 Ut

499 2128 556 2173 et
590 2135 688 2172 eos
725 2129 788 2171 ut
823 2128 1123 2186 suspectos
1158 2119 1296 2172 dicit
1332 2130 1565 2186 propter
1601 2120 2043 2173 familiaritatem
2075 2127 2133 2172 et
2180 2100 2185 2171 Ῑ
2231 2130 2514 2198 paratus
2562 2117 2651 2180 sit
2692 2118 2993 2199 probare
3039 2116 3515 2198 exceptiones.

501 2197 810 2250 amicitiam
847 2213 1022 2262 quam
1060 2197 1274 2250 habent
1315 2213 1448 2250 cum
1503 2197 1711 2250 abbate
1757 2197 1938 2250 sancti
1979 2196 2131 2264 Systi

2234 735 2505 788 dominus
2546 737 2999 804 I'antlecampuS,
3039 739 3478 806 archipresbiter
3514 740 3766 802 Mutine,
3802 758 3861 794 se

2302 1322 2342 1382 †
2382 1319 2506 1383 Ego
2546 1320 2745 1372 Petrus
2786 1321 2976 1372 Bonus
3012 1320 3087 1372 de
3124 1319 3398 1374 Bredellis
3436 1321 3695 1375 notarius
3718 1322 3865 1377 sacri

3274 1414 3492 1464 scr1p51.

2316 1835 2590 1898 Iudices
2632 1836 3075 1918 praecipiunt
3116 1837 3167 1898 Ι.
3216 1836 3583 1898 Scarcosio
3630 1847 3702 1898 et
3752 1838 3866 1898 ab·

501 2283 560 2326 et
585 2283 817 2339 propter
845 2274 1218 2338 parentellam
1256 2283 1314 2327 et
1339 2273 1681 2339 parentellas
1707 2290 1882 2340 quam
1921 2273 2134 2326 habent
2180 2282 2185 2321 i
3407 2319 3448 2333 ,,
3524 2320 3536 2332 ,
3822 2323 3832 2332 ,

499 2366 631 2402 cum
668 2351 1054 2416 suprascripto
1087 2351 1316 2411 abbate,
1355 2359 1412 2402 et
1448 2350 1585 2416 quia
1622 2351 1733 2411 ille,
1763 2351 1860 2418 qui
1899 2351 2036 2403 dicit
2071 2367 2133 2403 se
2180 2340 2185 2371 ²
2230 2342 2327 2403 97·
2376 2361 2457 2368 -·
2512 2343 2689 2396 1221,
2728 2323 2901 2386 'mad-
2944 2345 3038 2402 ¹72
3070 2323 3200 2397 LY,
3234 2322 3457 2405 Regu&
3504 2343 3577 2386 ²⁷²
3598 2322 3861 2407 palatm

501 2427 769 2480 abbatem
807 2427 988 2480 sancti
1024 2426 1174 2493 Systi
1210 2443 1357 2486 esse,
1397 2435 1483 2479 est
1521 2426 1861 2479 mutinensis
1898 2428 2132 2479 natione
2319 2416 2625 2501 (ᾠιζςεορί.
2670 2417 2765 2492 Α,
2820 2439 2931 2498 152
2981 2439 3015 2480 e
3058 2423 3200 2482 aut.

500 2511 558 2556 et
596 2505 876 2556 maximas
913 2502 1254 2569 parentellas
1291 2504 1465 2557 habet
1500 2503 1559 2556 in
1609 2503 1732 2570 ipsa
1779 2503 2036 2565 civitate,
2075 2514 2132 2556 et

499 2580 798 2632 ecclesiam
835 2581 955 2632 sive
993 2580 1261 2632 ecclesias
1299 2580 1473 2633 habet
1510 2580 1922 2633 monasterium
1949 2580 2128 2633 sancti
2180 2579 2183 2647 Ι

499 2657 647 2723 Systi
688 2657 743 2709 in
781 2657 902 2721 ipsa
937 2657 1164 2709 civitate
1189 2665 1246 2709 et
1270 2656 1664 2720 possessiones
1693 2673 1950 2722 magnas.
1981 2657 2129 2709 Item

501 2734 637 2786 dicit
672 2733 1210 2806 archipresbiterum
1259 2733 1480 2786 Mutine
1529 2732 1825 2800 decepisse
1877 2749 2129 2786 comune

499 2813 786 2862 Cremone
822 2810 878 2862 in
919 2810 1131 2871 multiS,
1159 2818 1217 2862 et
1252 2809 1571 2874 specialiter
1595 2811 1932 2876 accipiendo
1958 2826 2130 2876 pecu-

501 2888 655 2940 niam
681 2904 715 2938 a
738 2887 972 2939 comuni
999 2887 1305 2948 Cremone,
1331 2887 1723 2951 promittendo
1755 2903 1816 2938 se
1845 2887 2129 2940 facturum

504 2969 723 3016 c'ertum
761 2963 900 3030 quid
939 2962 1093 3015 dicto
1128 2963 1387 3025 comuni,
1429 2963 1587 3029 quod
1637 2980 1752 3016 non
1790 2963 1939 3018 fecit.
1982 2965 2127 3015 Item

2316 2555 2640 2616 Sindicus
2685 2553 3067 2618 Cremonae
3124 2560 3301 2638 petit
3358 2577 3614 2620 novam
3681 2556 3861 2617 dila·

2228 2649 2490 2711 tionem
2527 2649 2616 2709 ad
2646 2650 3043 2729 probandas
3084 2653 3537 2733 exceptiones
3582 2662 3863 2712 veteres

2232 2754 2300 2805 et
2330 2763 2550 2804 novas
2582 2763 2755 2823 quas
2787 2744 3118 2824 proponit
3150 2757 3393 2808 contra
3436 2745 3863 2807 Pandecam-

2178 2850 2182 2927 Ι
2230 2857 2431 2918 pum;
2494 2838 2579 2899 de
2638 2839 2771 2899 hoc
2824 2839 3001 2919 petit
3058 2852 3134 2901 ut
3190 2839 3433 2903 arbitri
3508 2839 3639 2901 soli
3696 2839 3861 2900 deli-

2178 2946 2181 2955 '
2231 2933 2493 3002 herent,
2528 2931 2639 2993 vel
2674 2931 2979 2993 habeant
3024 2933 3390 2996 consilium
3435 2952 3576 2995 non
3620 2951 3861 3014 suspe-

504 3041 641 3093 dicit
675 3039 835 3092 illum
885 3039 985 3105 qui
1035 3039 1153 3104 agit
1206 3040 1294 3091 vel
1340 3040 1441 3105 qui
1483 3056 1654 3104 agere
1693 3039 1811 3093 vult
1848 3056 1964 3092 non
2003 3057 2129 3092 esse
2178 3034 2183 3113 Ι
2232 3038 2438 3089 ctum.

501 3117 770 3169 abbatem
809 3115 986 3168 sancti
1025 3115 1196 3182 Systi,
1223 3124 1282 3168 et
1314 3116 1360 3168 si
1398 3117 1740 3181 reperiretur
1775 3116 1966 3182 ipsum
2001 3133 2130 3169 esse
2178 3146 2183 3163 ·

501 3194 793 3252 abbatem,
820 3192 958 3246 dicit
982 3193 1172 3259 ipsum
1198 3193 1372 3245 fuisse
1397 3193 1898 3246 excomunicatum
1921 3203 1980 3246 et
2001 3211 2131 3247 esse
2178 3190 2183 3227 ²
2230 3219 2326 3290 93
2372 3251 2453 3258 —
2511 3234 2576 3275 12
2589 3234 2687 3286 21,
2734 3212 2821 3276 id·
2870 3213 2958 3276 id·
3005 3213 3098 3288 Α,
3156 3235 3269 3294 153
3316 3235 3351 3277 C
3394 3218 3535 3277 aut·

495 3287 726 3336 semper
761 3270 936 3322 fuisse
971 3286 1006 3321 a
1041 3277 1304 3335 tempore
1347 3270 1752 3334 rescriptorum
1799 3271 2130 3336 impetrato-

497 3364 645 3400 rum.
680 3349 826 3400 Item
861 3345 998 3399 dicit
1033 3347 1224 3412 ipsum
1263 3362 1375 3398 non
1415 3347 1628 3398 habere
1665 3347 2129 3401 amministratio·
2178 3396 2182 3409 ‚

494 3441 628 3477 nem
663 3424 845 3476 sancti
881 3422 1052 3490 Systi,
1094 3439 1199 3474 nec
1236 3422 1310 3474 de
1349 3423 1642 3476 voluntate
1691 3441 1795 3476 nec
1839 3441 2125 3477 consensu
2178 3416 2181 3469 Ι

495 3501 732 3553 fratrum
787 3500 920 3552 dicti
977 3499 1306 3552 monasterii
1361 3517 1552 3565 agere.
1596 3502 1740 3552 Item
1791 3501 1928 3554 dicit
1967 3503 2127 3569 quod

495 3594 743 3631 comune
781 3579 1068 3629 Cremone
1105 3593 1221 3628 non
1260 3576 1434 3628 debet
1487 3577 1840 3642 respondere
1877 3579 1984 3630 sub
2021 3580 2125 3640 εἰς,

495 3671 628 3707 cum
664 3663 823 3706 actor
858 3653 1068 3706 debeat
1103 3654 1267 3720 sequi
1305 3653 1490 3706 sorum
1531 3654 1629 3706 rei.
1673 3655 1816 3706 Item
1859 3654 1996 3707 dicit
2032 3657 2129 3708 ad-

497 3730 812 3783 versarium
849 3747 974 3782 esse
1001 3729 1249 3783 iudicem
1276 3739 1334 3782 et
1359 3729 1530 3782 fuisse
1558 3730 2014 3795 archipresbiteri
2038 3733 2128 3785 vel

498 3807 701 3872 prioris
736 3807 824 3858 vel
864 3807 1179 3872 utriusque.
1221 3807 1292 3858 Et
1328 3807 1523 3859 omnia
1557 3808 1940 3873 suprascripta
1963 3809 2125 3872 dixit,
2176 3844 2181 3853 ·
2548 3861 2571 3886 o
2595 3860 2615 3886 ‚
2751 3839 2807 3900 -d
2884 3839 2941 3900 -l
3026 3839 3065 3902 4
3191 3859 3215 3870 ,,
3383 3847 3453 3902 ‚3
3676 3845 3707 3902 t

499 3883 658 3936 salvo
695 3900 766 3935 eo
803 3884 963 3950 quod
1000 3899 1115 3935 non
1153 3882 1385 3935 volebat
1419 3884 1740 3936 consentire
1778 3884 1833 3936 in
1873 3884 2080 3939 iudice.
2176 3875 2180 3963 Ι
2226 3860 2324 3918 99⁴
2370 3877 2451 3884 —
2506 3861 2681 3910 1--1,
2731 3861 2751 3900 Ι
2804 3889 2817 3902 “
2864 3861 2909 3900 u
2938 3888 2951 3902 '
2998 3881 3025 3902 ⁴
3078 3886 3091 3910 ’
3148 3860 3283 3918 ¹³4'
3334 3859 3405 3917 δ’
3500 3859 3535 3900 ⁶
3578 3860 3669 3902 au
3708 3887 3723 3902 ⁰

2316 3351 2564 3413 Abbas
2632 3353 2702 3412 S.
2754 3351 2939 3413 Sixti
3000 3352 3167 3414 dicit
3244 3353 3645 3414 dilationem
3726 3371 3859 3412 non

2230 3467 2385 3508 esse
2430 3448 2747 3516 dandam,
2795 3466 3002 3526 quam
3058 3447 3233 3525 petit
3279 3445 3608 3517 sindicuS,
3656 3455 3730 3506 et
3776 3447 3859 3506 de

2178 3618 2181 3633 Ι
2230 3543 2362 3602 hoc
2450 3542 2624 3620 petit
2712 3540 3314 3602 interlocutionem
3404 3542 3493 3602 ab
3574 3537 3859 3601 arbitris

2176 3640 2181 3685 l
2230 3635 2488 3698 clectis.

2176 4052 2180 4063 Ι
2316 3975 2607 4046 Arbitri,
2658 3975 2984 4037 videlicet
3042 3975 3207 4056 Ugo
3276 3975 3653 4038 canonicus
3716 3996 3855 4038 cre-

2176 4064 2180 4137 Ι
2228 4070 2580 4131 monensis
2626 4081 2695 4132 et
2728 4070 3066 4131 Albertus
3112 4071 3199 4131 de
3232 4069 3608 4131 Buvalotto
3654 4091 3855 4132 cano-

2174 4152 2424 4225 ²nicus
2492 4165 2716 4243 plebis
2784 4166 2870 4225 de
2938 4163 3293 4238 Baioaria,
3360 4164 3601 4227 dicunt
3668 4166 3857 4244 quod

2230 4261 2474 4319 volunt
2518 4260 2774 4320 habere
2807 4257 3172 4319 consilium
3205 4259 3293 4320 de
3321 4259 3855 4339 probationibus

2228 4373 2459 4414 coram
2530 4353 2629 4413 eis
2674 4352 3057 4433 propositis
3119 4351 3569 4414 admittendis
3612 4371 3851 4425 necne,

2226 4459 2295 4508 et
2341 4449 2427 4508 de
2473 4446 2768 4509 termino
2814 4448 3183 4509 statuendo
3232 4445 3520 4509 sindi00.

581 4516 972 4598 Propositis
1042 4517 1576 4596 exceptionibus
1639 4529 1708 4580 et
1751 4521 2124 4582 recusatio·
2174 4514 2179 4579 3

497 4612 703 4673 nibus
749 4631 790 4672 a
834 4611 885 4672 Ι.
932 4610 1319 4684 ScarcosiO,
1373 4610 1904 4693 Pandecampus
1957 4614 2127 4677 dicit
2173 4636 2179 4671 :

495 4717 564 4767 et
634 4715 1061 4786 protestatur
1127 4704 1274 4766 fore
1343 4705 1696 4767 inimicum
1765 4708 2124 4770 mortalem

563 3988 604 4049 -Ι-
645 3986 771 4050 Ego
798 3989 997 4039 Petrus
1023 3987 1218 4038 Bonus
1252 3985 1327 4038 de
1367 3985 1656 4048 Bredenis,
1696 3986 1951 4040 notarius
1983 3989 2128 4040 sacri

501 4061 733 4129 pallatii,
771 4061 1000 4114 interfui
1036 4071 1093 4115 et
1127 4063 1274 4114 hanc
1310 4071 1522 4114 cartam
1559 4061 1777 4129 scripsi.

498 4288 593 4349 95.
653 4305 736 4314 —
802 4289 978 4344 1221,
1041 4275 1188 4353 apr.
1239 4291 1337 4349 29,
1403 4271 1531 4342 IX,
1593 4269 1666 4334 in
1714 4274 2124 4336 monasterio

583 4363 893 4426 Bersellc‘.
940 4364 1034 4438 Α,
1091 4385 1205 4442 193
1254 4385 1288 4426 c
1332 4369 1472 4426 aut.

2224 4671 2347 4713 100.
2394 4690 2473 4696 —
2531 4672 2707 4722 1221,
2756 4649 2844 4713 id.
2892 4650 2981 4714 id.
3026 4651 3121 4722 A,
3180 4669 3313 4730 154,
3364 4654 3485 4727 328
3532 4671 3567 4712 c
3610 4656 3753 4714 aut.

497 4798 878 4861 Cremonae
925 4810 993 4861 et
1026 4798 1308 4874 sindiei;
1357 4809 1426 4862 et
1455 4800 1648 4863 venit
1679 4810 1920 4864 contra
1967 4823 2121 4864 eum

496 4904 565 4956 et
611 4894 762 4955 vult
807 4913 964 4955 eum
1010 4907 1394 4974 percutere.

561 5113 824 5167 Predicto
861 5132 999 5168 vero
1035 5115 1129 5168 die
1167 5123 1223 5168 et
1257 5133 1411 5169 anno
1447 5125 1505 5170 et
1540 5117 1667 5169 loco
1704 5126 1762 5170 et
1812 5115 2123 5171 indictione

493 5199 553 5243 et
591 5191 646 5242 in
683 5192 970 5257 presentia
1006 5192 1289 5246 dictorum
1327 5193 1578 5246 testium.

565 5269 878 5333 Propositis
915 5269 1079 5322 dictis
1107 5269 1540 5334 exceptionibus
1565 5277 1622 5321 et
1647 5269 2119 5331 recusationibus,

494 5355 552 5398 et
611 5345 770 5398 lectis
831 5362 1024 5398 coram
1066 5345 1303 5398 domino
1351 5346 1560 5399 abbate
1601 5347 1779 5400 sancti
1831 5348 2121 5401 Benedicti

491 5423 860 5488 suprascripti
914 5432 971 5475 et
1021 5423 1254 5475 Rustico
1305 5423 1491 5487 priore
1539 5422 1612 5473 de
1651 5423 2022 5475 columbario
2065 5435 2122 5478 et

493 5498 734 5552 domino
785 5499 1184 5566 I’andecampo
1225 5499 1702 5565 archipresbitero
1741 5501 2051 5554 mutinensi
2088 5519 2121 5554 a

2312 4787 2604 4849 Arbiter
2636 4788 2725 4849 A.
2757 4787 3113 4850 Buvalotti
3146 4787 3317 4850 dicit
3347 4787 3538 4869 quod
3566 4797 3848 4868 paratus

2225 4893 2373 4944 erat
2438 4884 2697 4944 habere
2766 4882 3132 4944 consilium
3204 4899 3361 4944 cum
3417 4881 3846 4963 sapientibus

2224 4976 2443 5058 Regii
2490 4987 2558 5039 et
2604 4976 2981 5039 denunciat
3024 4976 3293 5038 sindico
3338 4973 3719 5038 Cremonae
3772 4985 3846 5036 ut

2224 5071 2475 5134 debeat
2519 5072 2854 5133 exhibere
2898 5070 3347 5152 probationes
3393 5089 3570 5151 quas
3614 5070 3843 5131 habet.

2221 5277 2334 5320 101.
2382 5293 2461 5302 ·-
2516 5277 2693 5329 1221,
2741 5255 2829 5318 id.
2876 5255 2965 5320 id.
3010 5257 3103 5330 A,
3161 5263 3275 5336 184
3322 5279 3357 5320 e
3398 5261 3541 5320 aut.

2302 5393 2468 5474 Ugo
2514 5393 2773 5454 arbiter
2806 5392 2953 5454 vult
2984 5395 3243 5454 habere
3290 5391 3673 5465 consilium,
3721 5391 3837 5452 sed

2218 5506 2359 5548 non
2410 5485 2764 5567 reginum,
2833 5487 3024 5567 quod
3084 5488 3383 5549 habetur
3442 5495 3835 5567 suspectum
