4050 6109
1101 319 1602 371 PROVVISIONI
1645 321 1899 370 DELLA
1945 321 2301 372 GABELLA
2346 325 2627 374 MAGNA

3416 337 3532 398 137

2790 451 3533 477 Q

171 569 258 630 ad
300 572 834 650 procurandum
880 575 1072 654 quod
1133 582 1342 658 pacta
1406 575 1578 642 inita
1637 577 1819 642 inter
1862 443 1871 664 Ι
1915 581 2043 643 per
2084 582 2451 628 commune
2479 567 2618 630 sint
2646 568 2967 645 absoluti,
3012 563 3319 636 maxime
3360 595 3403 638 a
3438 551 3535 638 la-

173 667 594 738 Cremonam
654 686 729 738 et
785 673 1122 740 Venetias
1188 697 1400 759 super
1464 679 1820 761 emptione

173 775 242 826 et
268 767 522 844 precio
555 768 724 830 salis
737 768 1192 851 integraliter
1222 772 1684 835 observentur
1713 772 1817 854 (1).

167 974 262 1048 64.
306 1006 399 1016 -
453 991 620 1050 1299
665 973 856 1054 (1298
919 969 1091 1054 ina),
1137 977 1338 1036 mart.
1388 994 1488 1046 20,
1549 973 1722 1045 XII,
1769 971 1812 1038 l.

249 1061 328 1124 in
375 1083 564 1126 cons.
623 1063 779 1148 gab.
839 1068 908 1128 et
955 1063 1032 1128 in
1077 1063 1314 1149 platea
1363 1065 1616 1130 maiori
1659 1066 1815 1131 Cre-

249 1176 508 1220 monae
548 1163 766 1240 super
805 1157 1216 1242 arengherio
1249 1157 1572 1222 comunis.
1610 1160 1678 1235 C,
1711 1164 1812 1223 62.

248 1311 592 1376 Provisio
639 1314 960 1396 gabellae
995 1317 1186 1398 quod
1229 1316 1450 1390 dacia,
1497 1317 1817 1400 gabellae

169 1415 237 1466 et
277 1406 577 1486 pedalia
619 1416 810 1470 retro
843 1409 1162 1472 ordinata
1192 1410 1490 1473 debeant
1525 1409 1819 1474 firmiter

169 1499 544 1562 observari
577 1509 649 1562 et
679 1498 1180 1567 inviolabiliter
1208 1503 1642 1567 manuteneri
1665 1505 1818 1568 sine

167 1593 416 1673 aliqua
524 1592 989 1659 diminutione
1014 1644 1029 1671 ,
1128 1616 1270 1660 non
1379 1597 1818 1662 obstantibus

166 1685 510 1748 omnibus
561 1687 1090 1767 provisionibus
1146 1699 1218 1753 et
1275 1690 1556 1754 statutis
1611 1689 1816 1754 factis

165 1787 234 1841 et
279 1797 480 1860 quae
523 1779 598 1842 in
642 1777 954 1844 futurum
997 1781 1246 1846 fierent
1289 1783 1360 1845 in
1393 1784 1816 1848 contrarium

165 1871 658 1953 loquentibus,

164 2079 262 2155 65.
309 2113 412 2122 -
467 2095 648 2156 1299.
696 2074 842 2151 iul„
889 2077 1059 2151 XII,
1113 2077 1499 2142 Cremonae.
1535 2079 1601 2158 C,
1631 2084 1734 2159 63.

245 2226 593 2290 Provisio
620 2229 942 2310 gabellae
967 2231 1158 2311 quod
1182 2228 1423 2293 firmus
1455 2238 1524 2292 et
1547 2229 1820 2294 validus

163 2319 276 2392 sit,
329 2339 486 2383 non
529 2323 854 2384 obstante
898 2322 1132 2404 aliqua
1197 2323 1635 2388 solemnitate
1681 2343 1822 2386 non

164 2425 489 2487 servata,
541 2424 942 2478 contractus
987 2414 1212 2480 factus
1247 2437 1404 2480 cum
1448 2417 1534 2480 D.
1579 2415 1822 2481 Caval-

165 2509 482 2581 cabove,
499 2507 968 2590 Supramonte
990 2509 1077 2572 de
1101 2509 1382 2574 Amatis
1405 2520 1476 2574 et
1491 2509 1822 2594 Egidiolo

165 2601 256 2664 de
303 2600 608 2665 Persico
655 2602 742 2664 de
787 2621 953 2665 2000
996 2602 1192 2667 libris
1235 2614 1480 2668 mutuo
1513 2604 1822 2684 acceptis

165 2697 222 2775 (7
273 2694 437 2774 iul.)
502 2714 634 2777 pro
695 2695 1058 2758 solucione
1114 2694 1432 2760 facienda
1482 2697 1822 2760 militibus

165 2795 236 2850 et
281 2785 734 2850 balestreriis
778 2787 1138 2851 mittendis
1180 2790 1254 2852 in
1291 2789 1590 2854 servicio
1645 2810 1821 2853 mar-

166 2880 462 2969 chionis
504 2879 1012 2944 Montisferrati
1057 2892 1127 2945 et
1170 2883 1450 2966 Papiae.

167 3091 268 3150 66.
320 3119 412 3134 -—
469 3107 651 3167 1299,
697 3085 840 3161 iul„
882 3089 1053 3162 XII,
1093 3087 1476 3153 Cremonae.
1515 3088 1585 3164 C,
1634 3091 1736 3168 64.

257 3237 604 3302 Provisio
647 3241 972 3323 gabellae
1015 3242 1206 3322 quod
1267 3259 1508 3304 omnes
1561 3260 1831 3304 merca-.

167 3346 374 3398 tores
421 3333 918 3415 undecumque
963 3333 1119 3408 sint,
1155 3353 1366 3416 quum
1397 3333 1685 3400 timeant
1706 3354 1822 3398 ve-

167 3429 332 3491 nire
423 3428 518 3490 ad
606 3425 968 3490 civitatem
1053 3436 1343 3509 propter
1437 3425 1824 3491 discordias

171 3541 412 3604 nuper
447 3530 644 3584 ortas
672 3520 748 3583 in
789 3519 1110 3602 partibus
1138 3519 1620 3595 Lombardiae,
1663 3539 1822 3602 pos-

171 3614 322 3678 sint
365 3614 594 3677 libere
625 3621 698 3676 et
727 3631 972 3676 secure
1003 3611 1244 3676 venire
1273 3621 1460 3675 stare
1492 3623 1562 3676 et
1589 3613 1820 3676 redire

173 3708 268 3770 ad
312 3707 702 3779 civitatem,
736 3705 1056 3786 exceptis
1109 3703 1514 3769 bandezatis
1547 3714 1615 3768 et
1660 3725 1820 3769 con-

178 3799 445 3863 finatiS.

173 4019 276 4093 67.
319 4051 408 4059 —
461 4032 647 4093 1299,
696 4009 838 4087 iul„
887 4010 1058 4086 XII,
1090 4001 1476 4076 Cremonae.
1517 4012 1584 4089 C,
1632 4015 1732 4092 65.

261 4166 594 4231 Provisio
641 4164 963 4248 gabellae
1021 4165 1213 4248 quod
1264 4164 1583 4228 homines
1637 4165 1819 4229 ultra

173 4263 450 4325 Padum
497 4259 901 4322 habitantes
945 4259 1017 4321 in
1047 4269 1236 4322 terra
1277 4259 1584 4322 Polesini
1628 4259 1822 4322 Man-

177 4354 356 4418 fredi
423 4353 880 4436 episcopatus
952 4351 1332 4418 Cremonae
1388 4363 1458 4416 et
1528 4372 1571 4414 a
1635 4353 1822 4418 dicta

127 4447 144 4464 ⁴
175 4462 364 4512 terra
434 4446 770 4528 superius
831 4447 1134 4510 debeant
1189 4455 1258 4508 et
1315 4446 1822 4526 compellantur

175 4541 409 4605 facere
475 4559 726 4604 cavam
782 4538 1011 4603 fossae
1067 4539 1327 4621 burghi
1383 4539 1818 4613 Montexelli,

177 4636 572 4699 secundum
619 4633 813 4716 quod
849 4631 1166 4696 fecerunt
1198 4651 1442 4695 cavam
1489 4633 1719 4705 castri,
1751 4643 1821 4696 et

177 4729 270 4791 ab
323 4729 486 4792 aliis
555 4726 892 4808 operibus
957 4725 1198 4790 inditis
1262 4725 1820 4808 praesentialiter

235 5059 292 5108 (1)
319 5055 686 5105 L’ambasceria,
707 5055 826 5097 oltre
844 5055 930 5097 0110
948 5055 1023 5098 dei
1041 5061 1224 5107 quattro
1251 5056 1446 5108 sapienti
1475 5057 1596 5098 della
1620 5056 1816 5108 gabellii,

183 5117 360 5160 doz-eva
378 5131 540 5161 essere
558 5121 803 5168 composta
823 5116 870 5158 di
897 5129 958 5158 un
979 5117 1135 5168 milite,
1171 5130 1233 5160 1111
1253 5125 1483 5160 mercante
1502 5131 1528 5160 0
1557 5131 1617 5160 1111
1642 5117 1814 5160 notaio.

183 5181 269 5222 Nei
295 5182 414 5233 pani
462 5179 536 5222 fra
571 5179 780 5222 venezia
815 5191 842 5220 0
869 5179 1100 5222 Cremona
1139 5191 1221 5232 per
1257 5180 1300 5221 la
1336 5180 1575 5231 provvista
1609 5179 1686 5223 del
1722 5181 1818 5223 sale

183 5254 262 5284 era
285 5249 410 5285 stata
445 5241 642 5284 inserita
676 5241 724 5283 la
759 5241 964 5282 clausola
1003 5240 1078 5283 del
1119 5253 1313 5283 comune
1354 5241 1431 5293 piu
1470 5241 1682 5284 favorito.
1722 5243 1817 5284 Ora

185 5305 362 5348 arendo
389 5305 405 5346 i
427 5303 648 5346 Milan-ni
665 5307 882 5346 ottenuto
899 5302 929 5344 11
947 5304 1044 5346 sale
1071 5315 1102 5345 a
1117 5304 1267 5346 minor
1281 5315 1448 5355 prezzo
1465 5304 1553 5346 0110
1571 5304 1814 5354 Cremona,

183 5367 280 5408 0100
307 5379 336 5409 a
362 5370 416 5410 18
443 5365 690 5408 venetiani
708 5365 860 5418 grossi
890 5376 917 5406 0
943 5377 1102 5408 mezzo
1121 5366 1152 5408 ll
1179 5365 1384 5418 moggio,
1413 5378 1440 5408 e
1466 5366 1633 5408 inoltre
1659 5365 1814 5408 sacen-

187 5427 488 5532 defflgare
515 5427 561 5470 ai
589 5426 861 5470 Cremonesi
879 5427 1008 5478 gravi
1037 5427 1228 5478 balzelli,
1259 5428 1408 5480 questi
1428 5427 1658 5470 mundano
1685 5439 1714 5470 a
1741 5439 1813 5470 re-

353 5503 395 5533 0.

341 5595 394 5638 18
445 5595 572 5638 Bibe.
599 5594 728 5637 δίον.
757 5594 825 5638 vl
855 5593 934 5647 (Η.
965 5594 1016 5636 Ρ.
1047 5594 1113 5637 Μ.
1148 5594 1328 5648 11.11.).

1915 655 2192 720 borerio
2238 657 2307 722 S.
2352 659 2636 724 Martini
2680 661 2769 724 de
2812 662 3115 728 ArzenO.

1914 847 2012 907 68.
2048 880 2133 890 -
2185 865 2363 926 1299,
2409 845 2549 922 iul„
2595 848 2763 919 XII,
2804 849 3191 932 Cremonae.
3224 853 3292 924 C,
3326 809 3428 918 66.

1998 995 2321 1060 Provisio
2364 999 2683 1080 gabellae
2735 1002 2926 1082 quod
2968 1003 3371 1084 capitaneus
3414 1026 3539 1088 po-

1913 1089 2063 1170 puli
2090 1109 2313 1171 nuper
2340 1091 2622 1167 electuS,
2668 1112 2825 1155 cum
2862 1095 3185 1160 introitus
3216 1100 3537 1180 gabellae

1916 1182 2006 1244 sit
2021 1181 2507 1248 adnichillatus
2522 1185 2705 1248 ultra
2719 1188 3022 1261 modum,
3039 1190 3293 1255 habeat
3308 1192 3537 1257 solum

1914 1295 2046 1356 pro
2089 1274 2296 1339 feudo
2338 1297 2467 1340 suo
2514 1299 2637 1356 300
2679 1280 2893 1342 libras
2935 1280 3180 1364 imper.
3230 1304 3360 1366 pro
3404 1306 3536 1350 sex

1915 1368 2271 1432 mensibus
2315 1381 2385 1434 et
2444 1371 2695 1436 debeat
2745 1382 3017 1438 tantum
3075 1387 3313 1441 tenere
3358 1381 3537 1444 duos

1914 1453 2182 1552 iudices
2225 1473 2295 1526 et
2337 1484 2552 1527 unum
2597 1465 2886 1530 militem
2940 1488 3063 1531 seu
3109 1471 3375 1535 socium
3432 1494 3537 1536 sa-

1915 1554 2197 1618 lariatos
2258 1577 2299 1619 a
2357 1558 2739 1632 communi,
2799 1563 3181 1626 secundum
3246 1564 3539 1630 formam

1916 1658 2233 1804 {letemm
2292 1661 2729 1716 statutorum.
2789 1652 2877 1715 V.
2946 1675 3139 1735 1299,
3203 1668 3357 1722 sett.
3430 1680 3539 1736 io,

1986 1789 2001 1804 .
2056 1747 2234 1822 1163.

1917 1933 2013 2008 69.
2061 1963 2142 1976 -
2195 1950 2373 2010 1299,
2420 1929 2561 2004 iul..
2610 1933 2779 2008 XII,
2819 1933 3204 2000 Cremonae.
3247 1938 3314 2010 C,
3350 1944 3451 2020 67.

2002 2085 2323 2148 Provisio
2368 2086 2685 2168 gabellae
2718 2088 2909 2169 quod
2936 2089 3286 2172 sapientes
3332 2103 3403 2154 et
3440 2091 3537 2154 of-

1917 2175 2180 2242 ficiales
2224 2179 2542 2262 gabellae
2584 2199 2725 2242 non
2768 2182 3041 2262 possint
3070 2184 3395 2265 compelli
3437 2186 3540 2248 ire

1917 2271 2010 2333 ad
2050 2271 2285 2354 aliqua
2328 2272 2619 2335 consilia
2677 2275 3033 2355 generalia
3076 2286 3147 2339 et
3190 2277 3539 2358 specialia,

1920 2383 2101 2445 quae
2144 2364 2409 2428 additio
2452 2363 2574 2428 fiat
2614 2366 3003 2448 provisioni
3054 2391 3076 2432 1
3095 2389 3125 2450 7
3172 2369 3304 2434 ian.

1921 2570 2016 2632 70.
2062 2589 2145 2600 --
2197 2573 2375 2634 1299,
2422 2552 2564 2629 iul„
2610 2555 2778 2628 XII,
2824 2557 3207 2622 Cremonae.
3246 2559 3315 2632 C,
3351 2564 3451 2622 68.

2003 2706 2323 2771 Provisio
2367 2709 2686 2790 gabellae
2731 2711 2921 2793 quod
2974 2730 3214 2775 omnes
3280 2713 3540 2797 singuli

1922 2797 2043 2881 q'ui
2100 2799 2417 2864 habitant
2480 2810 2549 2863 et
2622 2821 2916 2884 quorum
2982 2814 3217 2885 patres
3275 2807 3542 2870 habita-

1924 2901 2175 2956 verunt
2204 2893 2275 2955 in
2301 2892 2487 2956 villis
2516 2895 2721 2958 terris
2750 2897 2864 2959 vel
2897 2897 3069 2959 locis
3094 2899 3541 2982 episcopatus

1921 2983 2321 3059 Cremonae,
2369 2996 2440 3049 et
2484 2985 2605 3070 qui
2649 2999 2812 3052 sunt
2854 3000 2926 3053 et
2968 3011 3261 3072 quorum
3306 3005 3541 3074 patres

1920 3077 2199 3143 fuerunt
2228 3079 2446 3144 nativi
2479 3081 2566 3142 de
2596 3079 2768 3161 ipsis
2797 3083 2989 3156 lociS,
3022 3097 3093 3146 et
3128 3085 3247 3166 qui
3278 3075 3542 3151 faciunt

1923 3181 1992 3236 et
2021 3193 2317 3254 quorum
2348 3185 2586 3255 patres
2609 3172 2921 3238 fecerunt
2941 3195 3153 3258 opera
3175 3179 3541 3255 rusticana,

1923 3267 2222 3329 debeant
2286 3265 2607 3348 accipere
2671 3287 2744 3330 sa
2752 3268 2887 3332 lem
2944 3289 2989 3332 a
3053 3271 3329 3352 gabella
3383 3273 3539 3338 Cre-

1921 3377 2168 3422 monae
2212 3377 2370 3424 cum
2423 3359 2577 3423 aliis
2632 3360 3031 3426 hominibus
3089 3363 3399 3444 ipsorum
3442 3365 3542 3429 lo-

1922 3471 2163 3515 corum
2206 3453 2309 3535 (2).

1920 3593 2006 3718 71.
2050 3675 2133 3686 -
2186 3659 2365 3720 1299,
2410 3638 2552 3715 iul„
2598 3640 2769 3715 XII,
2825 3641 3207 3706 Cremonae.
3249 3643 3320 3718 C,
3352 3648 3454 3724 69.

2002 3791 2323 3864 Provisio
2368 3793 2688 3876 gabellae
2733 3805 2813 3856 ut
2861 3793 3173 3857 solvatur
3216 3795 3539 3860 salarium

1919 3885 2008 3948 de
2052 3905 2261 3948 avere
2305 3886 2624 3969 gabellae
2680 3885 2895 3951 iudici
2952 3897 3022 3950 et
3074 3888 3229 3951 aliis
3285 3885 3539 3952 officia-

1917 3979 2103 4042 libus
2145 3978 2386 4043 electis
2452 3981 2543 4043 ad
2586 3980 2890 4044 officium
2955 3981 3348 4045 libellorum
3416 4003 3543 4065 per

1919 4070 2119 4135 fodra
2160 4072 2233 4135 in
2279 4072 2562 4137 civitate
2607 4084 2677 4137 et
2721 4074 3040 4137 districtu
3087 4071 3542 4156 imponenda3

1918 4166 2087 4228 item
2118 4165 2308 4248 quod
2337 4165 2641 4248 imposta
2672 4167 2845 4232 salis.
2883 4167 3066 4231 facta
3096 4167 3277 4231 inter
3306 4189 3543 4234 saecu-

1917 4259 2100 4322 lares
2144 4269 2215 4322 et
2271 4260 2777 4324 ecclesiasticas
2820 4281 3157 4343 personas
3212 4283 3341 4344 per
3384 4263 3546 4326 civi-

1917 4361 2134 4415 tatem
2164 4364 2235 4415 et
2278 4353 2613 4417 suburbia
2659 4364 2730 4417 et
2760 4353 3069 4418 vicineas
3099 4353 3191 4418 sit
3234 4375 3433 4419 cassa
3474 4370 3545 4420 et

1920 4465 2135 4520 vana3
2193 4445 2360 4508 item
2420 4446 2611 4528 quod
2678 4446 2918 4510 vinum
2976 4447 3202 4529 possit
3254 4449 3415 4512 duci
3476 4460 3545 4512 et

1921 4539 2133 4602 vendi
2175 4539 2251 4601 in
2294 4538 2578 4602 civitate
2621 4551 2692 4604 et
2736 4539 3055 4603 districtu
3114 4542 3264 4604 sine
3307 4542 3543 4624 aliquo

1920 4631 2132 4705 datio,
2175 4632 2499 4714 pedanio,
2548 4653 2671 4696 seu
2715 4633 3056 4707 maltorta‚
3091 4653 3233 4697 non
3262 4636 3541 4699 obstan·

1916 4725 2109 4788 tibus
2152 4726 2547 4806 represaliis
2578 4726 2931 4790 concessis
2984 4736 3055 4791 et
3100 4747 3279 4810 quae
3322 4728 3396 4792 in
3440 4728 3542 4792 fu-

1972 5055 2033 5106 (2)
2062 5055 2237 5105 Questa
2262 5054 2554 5106 prov-visione
2590 5054 2637 5097 fu
2674 5055 2895 5098 motivata
2936 5055 3013 5098 dal
3054 5055 3169 5098 fatto
3210 5057 3295 5100 0110
3330 5057 3495 5107 alcuni,
3526 5058 3540 5098 i

1915 5116 2041 5167 quali
2067 5116 2185 5158 colle
2212 5115 2311 5158 loro
2348 5115 2548 5168 famigue
2584 5117 2887 5160 dimoravano
2914 5123 3035 5161 tutto
3070 5117 3227 5160 l’anno
3252 5131 3283 5160 o
3318 5123 3388 5161 tre
3423 5119 3541 5170 parti

1916 5177 2149 5220 den'anno
2177 5179 2297 5220 110110
2324 5183 2444 5220 terre
2472 5190 2499 5220 e
2524 5179 2633 5221 ville
2660 5179 2736 5221 del
2768 5179 3002 5230 distretto,
3032 5179 3305 5223 riflutavano
3332 5181 3381 5224 di
3406 5192 3545 5233 pren-

1915 5239 2025 5282 dere
2052 5241 2083 5281 11
2110 5241 2208 5283 sale
2226 5239 2347 5282 dalla
2364 5240 2547 5292 gabella
2564 5241 2684 5292 cogli
2711 5241 2814 5283 altri
2834 5241 3005 5284 1101111111
3024 5241 3099 5284 del
3126 5242 3267 5294 luogo
3294 5241 3413 5284 dove
3440 5243 3540 5284 abi-

1914 5307 2101 5352 tavano,
2132 5302 2329 5345 dicendo
2356 5303 2442 5344 che
2470 5314 2611 5344 erano
2646 5303 2839 5346 inscritti
2864 5304 2985 5346 110110
3011 5303 3175 5346 vicinie
3212 5315 3241 5346 o
3268 5304 3342 5346 1101
3376 5304 3539 5356 boi-ghi

1915 5365 2037 5407 della
2062 5365 2175 5406 citt&
2200 5376 2284 5418 per
2319 5365 2351 5406 il
2378 5370 2657 5416 pagamento
2697 5365 2773 5408 del
2800 5365 2961 5414 fodro:
2999 5366 3122 5409 onde
3162 5367 3309 5410 anche
3344 5367 3409 5418 gli
3436 5368 3537 5408 altri

1913 5427 2075 5479 poverl
2092 5426 2285 5469 abitanti
2312 5438 2405 5469 11011
2424 5433 2659 5480 potevano
2686 5427 2889 5471 ricevere
2908 5427 2939 5470 il
2966 5428 3063 5471 sale
3080 5429 3166 5471 0110
3194 5429 3271 5471 del
3298 5433 3423 5470 resto
3441 5429 3543 5471 loro

1915 5489 1954 5531 si
1981 5488 2286 5541 {mpori-ebbe.
