4050 6109
501 362 626 421 162

497 621 785 686 civitate
858 603 1242 681 Cremonae
1321 624 1392 676 et
1467 633 1598 695 pro
1667 610 1952 674 civitate
2040 609 2130 671 ad

497 721 654 782 loca
717 713 1238 782 circumstantia
1281 711 1512 772 solvat
1586 710 1657 769 16
1719 705 1955 768 soldos
1999 722 2129 785 pro

497 813 816 898 quolibet
873 809 1208 892 plaustro,
1264 802 1639 867 dummodo
1704 818 1841 862 non
1906 797 2131 879 possit

490 904 910 986 discarigari
977 921 1107 964 nec
1174 894 1550 983 gubernari
1603 895 1676 956 in
1733 891 2016 956 civitate
2062 898 2134 953 et

493 1000 842 1065 districtu.

501 1210 636 1268 224.
683 1225 763 1236 ·—-
818 1147 996 1265 1309,
1043 1180 1218 1246 mad.
1267 1201 1324 1260 3,
1396 1177 1545 1248 VII,
1592 1175 1636 1238 l.
1679 1178 1889 1258 super
1940 1171 2131 1233 domo

577 1281 897 1369 gabellae,
925 1282 993 1342 et
1012 1276 1186 1340 mad.
1224 1296 1254 1355 7
1290 1273 1364 1336 in
1383 1270 1618 1356 platea
1649 1264 1900 1332 maiori
1921 1269 2131 1347 super

585 1353 1126 1458 arrenglzeriuni
1171 1363 1544 1431 communis
1612 1363 1995 1427 Cremonae.
2063 1356 2129 1430 C,

593 1490 736 1534 220.

586 1604 908 1672 Provisio
941 1600 1280 1685 gabellae,
1311 1598 1402 1661 ad
1434 1592 1800 1658 evitandas
1846 1589 2129 1652 fraudes

495 1705 590 1766 de
659 1700 856 1764 dacio
921 1699 1121 1760 lanae
1185 1704 1255 1756 et
1319 1701 1396 1754 ut
1449 1687 1648 1769 copia
1691 1684 1877 1748 casei
1922 1682 2012 1746 sit
2058 1683 2131 1743 in

495 1795 788 1860 civitate
842 1803 910 1855 et
955 1789 1294 1859 districtu,
1351 1783 1541 1866 quod
1603 1799 1809 1843 nemo
1875 1777 2133 1841 audeat

502 1890 616 1953 vel
661 1893 1062 1971 praesumat
1105 1885 1360 1946 ducere
1418 1878 1650 1940 lanam
1705 1884 1905 1936 extra
1963 1869 2130 1932 civi-

499 1985 718 2047 tatem
771 1992 839 2044 et
907 1977 1300 2042 districtum
1351 1972 1488 2035 nisi
1542 1969 1737 2052 prius
1796 1985 1948 2029 eam
2008 1964 2131 2026 du-

503 2077 689 2140 xerit
731 2076 819 2138 ad
864 2086 1102 2155 portas
1155 2089 1278 2133 seu
1339 2067 1428 2130 ad
1486 2075 1773 2147 pontem
1825 2057 2132 2125 civitatis

495 2181 574 2234 et
617 2169 716 2233 ibi
762 2167 1052 2231 solverit
1096 2165 1286 2246 quod
1332 2161 1540 2224 debet
1584 2155 1848 2220 scilicet
1895 2171 1926 2214 2
1976 2153 2131 2214 den.

495 2283 632 2346 pro
675 2265 871 2326 libra.
928 2262 1106 2324 Item
1151 2255 1341 2341 quod
1376 2251 1678 2335 quilibet·
1725 2259 1969 2311 tenens
2014 2264 2132 2325 pe-

494 2361 716 2422 cudes
762 2356 1097 2420 facientes
1141 2353 1394 2414 lactem
1431 2347 1684 2408 debeat
1713 2341 1902 2405 omni
1948 2357 2130 2401 anno

499 2455 590 2516 de
635 2451 992 2514 mensibus
1046 2444 1304 2528 aprilis,
1350 2439 1581 2511 madii,
1627 2435 1801 2500 iunii
1854 2443 1926 2496 et
1983 2431 2131 2495 iulii

500 2555 946 2630 praesentare
999 2540 1072 2604 in
1129 2537 1321 2602 curia
1377 2529 1910 2596 mercadandiae
1971 2525 2131 2589 Cre-

503 2659 754 2704 monae
827 2655 1063 2700 coram
1115 2628 1549 2712 sapientibus
1615 2622 1934 2707 gabellae
2000 2619 2134 2682 tria

501 2754 722 2816 pensa
765 2730 951 2795 casei
994 2748 1123 2809 pro
1183 2723 1498 2808 quolibet
1547 2715 1968 2782 trentenario
2013 2732 2131 2795 pe-

503 2829 759 2893 cudum
791 2836 862 2888 et
889 2843 1018 2906 pro
1048 2831 1200 2883 rata
1231 2829 1300 2880 et
1340 2817 1412 2879 in
1443 2812 1758 2897 quolibet
1787 2808 2131 2872 dictorum

503 2920 866 2985 mensium.
933 2917 1110 2979 Item
1167 2912 1353 2995 quod
1413 2905 1770 2991 quaelibet
1831 2920 2135 2984 persona

501 3015 728 3096 possit
784 3012 1002 3075 libere
1059 3009 1314 3070 ducere
1377 3011 1580 3065 extra
1643 2994 2000 3062 civitatem
2064 3004 2135 3055 et

503 3107 987 3188 episcopatum
1030 3103 1270 3164 vinum
1319 3105 1724 3159 nostranum
1792 3088 2132 3152 solvendo

501 3223 542 3280 4
572 3202 805 3264 soldos
835 3200 1076 3279 imper.
1111 3197 1196 3256 de
1227 3190 1540 3274 quolibet
1568 3187 1901 3268 plaustr0,
1940 3182 2131 3263 quod

499 3295 888 3375 plaustrum
919 3289 1348 3369 intelligatur
1386 3303 1454 3345 12
1490 3279 1816 3350 sextaria,
1853 3286 1922 3339 et
1956 3276 2131 3338 haec

499 3387 810 3470 provisio
857 3403 1068 3465 super
1111 3382 1276 3444 vino
1336 3379 1538 3441 duret
1589 3393 1715 3456 per
1756 3381 1980 3434 totum
2028 3389 2131 3430 se-

499 3482 910 3562 ptembrem.

501 3685 635 3747 225.
681 3703 764 3713 --
817 3685 997 3744 1309,
1031 3661 1149 3725 iul.
1187 3627 1284 3735 21,
1340 3657 1490 3730 VII,
1537 3655 1580 3719 l.
1625 3659 1834 3739 super
1863 3647 2129 3736 palatio

579 3759 730 3844 gab.
790 3763 858 3822 et
911 3757 984 3821 in
1037 3777 1214 3818 cons.
1253 3773 1412 3838 gen.
1457 3769 1686 3812 comm.
1743 3748 2127 3812 Cremonae.

601 3855 668 3926 C,
717 3874 858 3932 224.

586 3989 907 4055 Provisio
942 3987 1259 4071 gabellae
1289 3983 1478 4066 quod
1511 3979 1832 4044 homines
1863 3975 2130 4057 episco-

503 4098 710 4167 patus
754 4081 1153 4146 Placentiae
1197 4077 1467 4160 possint
1508 4075 1726 4137 libere
1771 4080 1843 4135 et
1886 4087 2130 4134 secure

504 4179 745 4242 venire
807 4186 994 4240 stare
1060 4184 1128 4236 et
1193 4171 1421 4234 redire
1485 4169 1556 4232 in
1623 4165 1982 4231 civitatem
2061 4169 2131 4224 et

504 4273 986 4355 episcopatum
1034 4288 1190 4330 cum
1249 4267 1458 4328 rebus
1511 4274 1580 4326 et
1624 4254 2131 4324 mercadandiis

506 4377 579 4431 et
621 4365 1063 4433 victualibuS,
1108 4359 1447 4423 solvendo
1493 4357 1692 4420 dacia
1743 4364 1814 4417 et
1856 4347 2133 4433 pedalia

505 4460 852 4531 ordinata,
923 4476 1102 4539 quae
1155 4453 1481 4536 provisio
1528 4453 1728 4513 duret
1773 4463 1997 4527 usque
2045 4443 2132 4506 ad

505 4574 721 4617 unum
765 4571 1024 4615 annum
1069 4559 1360 4612 tantum.

505 4744 639 4804 226.
687 4773 766 4782 —
822 4757 1000 4816 1309,
1046 4734 1164 4798 inl.
1216 4755 1314 4812 30,
1362 4733 1492 4806 IX,
1537 4730 1581 4794 l.
1625 4736 1836 4814 super
1875 4726 2130 4812 palatio

591 4830 809 4894 veteri
857 4831 1223 4894 Cremonae
1265 4826 1340 4889 in
1385 4823 1660 4889 consilio
1695 4843 1853 4908 gen.
1900 4842 2129 4885 comm.

600 4925 667 4998 C,
718 4943 858 5002 225.

589 5058 909 5123 Provisio
983 5057 1301 5140 gabellae
1374 5055 1564 5140 quod
1643 5050 2131 5136 postribulum,

505 5174 719 5217 unum
765 5153 917 5215 sive
962 5154 1184 5233 plura,
1223 5150 1412 5232 quod
1459 5159 1566 5211 est
1601 5147 1802 5210 iuxta
1846 5155 2131 5226 pontem

557 5441 617 5492 (1)
646 5442 820 5491 Questa
846 5437 1164 5480 risormazione
1193 5433 1407 5486 riguarda
1433 5433 1476 5474 Ia
1504 5430 1739 5473 riduzione
1767 5427 1880 5470 satta
1899 5428 2020 5469 dalla
2040 5428 2133 5469 Ga-

503 5504 622 5546 110110
649 5504 692 5544 ai
721 5500 996 5554 compratori
1026 5499 1099 5541 del
1127 5498 1261 5540 datio
1289 5497 1362 5538 del
1391 5496 1500 5542 vino
1527 5505 1554 5535 e
1572 5492 1647 5534 del
1666 5491 1797 5532 forno
1816 5491 1890 5532 del
1919 5491 2133 5543 capitano

505 5566 844 5608 dell'iuteresse
885 5565 930 5606 di
969 5568 1152 5614 quattro
1188 5559 1343 5602 denari
1381 5569 1464 5610 per
1491 5556 1573 5598 lira
1599 5566 1627 5595 ει
1663 5559 1747 5595 tre.
1779 5555 2050 5596 Moutanino
2088 5553 2135 5595 di

1509 363 1778 416 CODICE
1821 364 2341 416 DIPLOMATICO
2384 364 2841 415 CREMONESE

2193 611 2403 672 Padi
2449 610 2909 675 incontinenti
2954 614 3041 677 de
3083 625 3234 678 toto
3278 630 3739 695 removeatur,
3786 637 3855 688 et

2228 723 2433 766 nemo
2478 705 2750 778 audeat,
2788 707 2920 768 sub
2951 709 3288 789 gravibus
3323 714 3587 792 poeniS,
3621 726 3856 780 tenere

2228 797 2693 877 postribulum
2752 818 2973 879 prope
3025 815 3312 884 pontem
3368 826 3497 888 per
3552 811 3855 872 medium

2232 890 2517 966 miliare,
2579 902 2647 953 et
2708 911 2949 957 01111105
3013 895 3260 961 rufiani
3327 908 3396 962 et
3461 904 3861 966 meretrices
3897 951 3911 964 .

2232 984 2352 1065 qui
2417 985 2890 1066 reperirentur
2956 989 3028 1051 in
3092 993 3472 1070 praedictis
3521 995 3696 1058 locis
3744 998 3857 1059 de-

2230 1078 2439 1141 beant
2485 1080 2662 1160 capi,
2708 1081 2798 1142 ad
2842 1084 2977 1145 hoc
3040 1095 3118 1146 ut
3170 1099 3592 1152 mercatores
3636 1090 3859 1153 libere

2230 1181 2300 1234 et
2344 1191 2587 1235 secure
2633 1175 2945 1255 qualibet
2984 1179 3158 1241 hora
3198 1180 3469 1260 possint
3506 1184 3747 1246 venire
3792 1195 3861 1246 et

2231 1275 2417 1327 stare
2483 1267 2573 1329 ad
2636 1279 2917 1350 portum
2983 1271 3176 1336 Padi.
3246 1273 3421 1337 Item
3504 1277 3692 1358 quod
3774 1279 3861 1340 de

2232 1367 2548 1448 quolibet
2608 1372 2923 1452 plaustro
2988 1374 3405 1440 circulorum
3468 1379 3589 1461 qui
3632 1390 3863 1442 extra-

2229 1470 2563 1534 herentur
2620 1475 2707 1536 de
2762 1474 3045 1540 civitate
3102 1490 3174 1541 et
3230 1480 3551 1543 districtu
3614 1484 3865 1545 debeat

2230 1575 2411 1640 solvi
2466 1595 2541 1638 10
2584 1577 2817 1640 soldos
2864 1579 3105 1662 imper.
3138 1581 3314 1644 Item
3352 1584 3545 1666 quod
3589 1597 3865 1646 contra-

2232 1690 2405 1752 01115,
2437 1679 2527 1741 ad
2558 1699 2735 1761 quos
2780 1682 3238 1747 celebrandos
3280 1685 3509 1749 factus
3553 1685 3685 1750 fuit
3730 1687 3869 1749 sin-

2232 1783 2432 1846 dicus
2478 1801 2549 1862 19
2582 1783 2699 1846 iul.
2732 1785 3131 1866 praeteritO,
3158 1797 3229 1850 et
3251 1787 3430 1850 alius
3463 1799 3866 1852 contractus

2231 1883 2409 1948 firmi
2465 1897 2536 1948 et
2582 1887 2796 1950 validi
2857 1888 2928 1950 in
2983 1899 3131 1952 toto
3185 1889 3324 1952 sint
3368 1893 3458 1974 (V.
3514 1911 3698 1971 1309,
3748 1891 3863 1954 iul.

2244 2006 2316 2066 19
2361 1999 2431 2051 et
2476 1990 2599 2069 26).

2232 2210 2366 2271 227.
2410 2228 2497 2241 -—·
2547 2213 2726 2274 1309,
2772 2215 2929 2279 aug.
2964 2215 3063 2267 22,
3106 2196 3257 2270 VII,
3291 2195 3335 2259 l.
3363 2203 3574 2280 super
3591 2195 3861 2281 palatio

2307 2285 2522 2369 gobel.
2579 2287 2962 2352 Cremonae.
3016 2289 3085 2362 C,
3136 2295 3280 2353 226.

2316 2423 2637 2487 Provisio
2683 2425 3005 2507 gabellae
3050 2426 3242 2507 quod
3270 2428 3461 2489 nullo
3498 2427 3735 2500 mod0,
3768 2447 3867 2490 se-

2232 2520 2536 2581 cundum
2560 2517 2853 2582 formam
2883 2519 3417 2602 privilegiorum
3452 2521 3867 2594 communis,

2236 2609 2382 2672 fieri
2428 2613 2679 2675 debeat
2722 2612 2978 2675 solutio
3022 2634 3153 2695 pro
3216 2613 3453 2696 aliquo
3510 2615 3868 2678 territorio

2232 2705 2643 2785 accipiendo
2695 2725 2905 2768 001150
2956 2705 3254 2770 faciendi
3316 2708 3682 2770 restariam
3746 2728 3867 2770 seu

2232 2797 2554 2861 restarias
2600 2800 2689 2861 ad
2730 2811 2975 2882 portus
3020 2801 3192 2863 Padi
3238 2801 3359 2863 ubi
3404 2802 3757 2864 caricatur
3800 2810 3869 2863 et

2232 2891 2705 2968 discaricatur,
2751 2902 3237 2977 praeterquam
3282 2895 3343 2958 si
3385 2896 3673 2957 arbores
3720 2915 3871 2958 cae-

2233 2986 2561 3050 derentur
2604 2987 2716 3050 vel
2760 2987 2951 3050 aliud
2996 2989 3325 3050 damnum
3370 2985 3589 3052 fieret.

2231 3178 2367 3237 228.
2414 3211 2497 3220 --
2551 3194 2728 3254 1309,
2773 3178 2937 3258 sept.
2986 3179 3043 3246 8,
3087 3180 3298 3259 super
3342 3173 3532 3238 domo
3562 3172 3871 3258 gabellae

2328 3267 2711 3332 Cremonae.
2766 3267 2833 3341 C,
2882 3288 3023 3347 227.

2313 3407 2755 3471 Reformatio
2801 3408 3139 3490 gabellae‚
3188 3427 3366 3490 quae
3425 3409 3568 3470 vim
3629 3405 3866 3489 provi-

2230 3501 2447 3564 sionis
2506 3503 2779 3570 habeat.
2841 3501 3031 3583 quod
3076 3503 3166 3564 ad
3231 3501 3681 3583 quaestiones
3751 3502 3865 3563 de-

2228 3592 2571 3658 finiendas
2614 3596 2702 3658 de
2748 3595 2946 3658 dacio
2990 3595 3135 3657 vini
3182 3607 3252 3658 et
3296 3593 3479 3656 furni
3512 3594 3863 3676 capitanei

2229 3690 2317 3769 (v.
2361 3708 2423 3750 0.
2479 3708 2657 3768 1309,
2703 3699 2900 3751 111011.
2936 3690 3036 3768 22)
3056 3707 3225 3751 esse
3254 3689 3558 3750 debeant
3588 3689 3867 3768 sapien—

2229 3790 2334 3844 tes
2378 3783 2697 3864 gabellae
2743 3785 2862 3865 qui
2909 3793 3070 3846 sunt
3114 3783 3405 3845 iudices.
3425 3793 3495 3846 et
3538 3781 3659 3845 alii
3704 3791 3867 3844 octo

2228 3877 2581 3957 sapientes
2626 3879 2714 3940 de
2758 3877 3060 3959 collegio
3105 3876 3413 3965 iudicum
3472 3877 3678 3939 electi
3738 3896 3865 3958 per

2229 3971 2520 4033 abbates
2544 3973 2883 4054 gabellae,
2922 3983 2992 4034 et
3028 3972 3373 4054 quidquid
3401 3970 3765 4051 provisum
3796 3981 3866 4032 01

2230 4064 2623 4127 consultum
2652 4065 2783 4127 erit
2812 4085 2938 4146 per
2982 4065 3171 4147 ipsos
3216 4063 3715 4127 inviolabiliter
3753 4063 3869 4124 de-

2230 4159 2393 4220 beat
2448 4161 2713 4222 attendi
2756 4181 2799 4222 a
2840 4159 3111 4221 duabus
3158 4159 3478 4239 partibus
3524 4176 3665 4220 non
3714 4158 3847 4219 ob-

2230 4253 2574 4316 stantibus
2619 4252 2941 4316 omnibus
2986 4252 3530 4334 provisionibus,
3576 4250 3857 4313 statutis

2232 4357 2301 4408 et
2345 4347 2707 4410 sententiis
2754 4347 2957 4410 factis
2994 4349 3096 4428 (1).

2232 4552 2363 4611 229.
2408 4570 2492 4580 —
2546 4554 2723 4611 1309,
2769 4536 2935 4616 sept.
2985 4553 3083 4610 30,
3148 4532 3337 4605 VIII,
3384 4530 3427 4594 l.
3471 4537 3682 4614 super
3718 4529 3865 4616 pal.

2307 4627 2521 4712 gabel.
2578 4628 2963 4692 Cremonae.
3020 4627 3087 4698 C,
3141 4647 3281 4706 229.

2312 4767 2637 4830 Provisio
2683 4768 3003 4848 gabellae
3050 4766 3241 4847 quod
3296 4762 3650 4848 quaelibet
3708 4781 3867 4844 per-

2230 4880 2420 4933 sona,
2468 4861 2791 4941 quamvis
2836 4859 3329 4932 ecclesiastica,
3375 4868 3696 4921 teneatur
3728 4857 3865 4918 sol-

2231 4974 2397 5024 vere
2464 4955 2664 5017 dacia
2729 4964 2799 5016 et
2860 4954 3173 5035 gabellas
3244 4952 3597 5014 ordinatas
3630 4997 3646 5024 ,
3722 4969 3865 5012 non

2231 5048 2669 5111 obstantibus
2736 5047 3089 5128 aliquibus
3158 5044 3550 5128 privilegiis
3616 5055 3685 5107 et
3746 5045 3867 5105 im-

2232 5143 2708 5205 munitatibus.
2732 5141 2907 5204 Item
2934 5140 3124 5222 quod
3148 5137 3425 5202 dacium
3462 5157 3757 5200 ovorum
3796 5148 3867 5199 et

2232 5425 2443 5468 Vassallo
2470 5437 2496 5465 e
2528 5422 2741 5474 Egidiolo
2769 5421 2815 5462 di
2847 5421 3026 5470 31111100,
3058 5432 3086 5461 a
3114 5431 3249 5462 nome
3277 5431 3391 5471 pure
3418 5418 3493 5461 dei
3521 5417 3630 5468 soci,
3652 5429 3863 5458 avevano

2231 5493 2487 5541 protestato
2515 5491 2675 5528 contro
2704 5485 2745 5526 le
2773 5483 3053 5535 provvisioni
3082 5482 3203 5523 della
3231 5481 3433 5531 Gabella,
3458 5478 3787 5536 pretendendo,
3818 5477 3865 5520 111

2231 5551 2501 5594 conformia
2530 5549 2605 5591 del
2633 5551 2876 5596 0011110110,
2908 5551 3091 5597 quatu-o
3119 5543 3277 5586 denari
3306 5557 3389 5596 per
3414 5543 3499 5586 11111
3525 5543 3569 5584 al
3597 5553 3736 5585 mese.
