4050 6109
504 539 672 604 cipue
723 555 792 591 ea
843 538 1147 592 occasione
1204 557 1240 606 q
1250 577 1352 592 .....
1413 539 1537 592 iure
1593 538 1769 592 fiscali
1823 539 2138 592 asserendo

509 617 668 682 quod
707 616 893 682 ipsum
951 632 1200 669 comune
1255 616 1310 668 in
1366 616 1532 669 dictis
1586 627 1773 669 castro
1830 617 2048 669 scilicet
2084 625 2141 670 et

505 693 874 758 pertinenciis
909 702 996 746 est
1031 693 1160 745 loco
1197 693 1420 746 abbatis
1456 710 1580 745 seu·
1596 693 1826 746 abbatie
1859 692 1994 746 dicti
2019 711 2142 746 mo-

509 771 758 832 nasterii,
797 779 1128 823 casamenta
1187 771 1242 822 in
1301 770 1512 836 quibus
1565 770 1826 823 habitant
1877 771 2139 823 eiusdem

508 847 675 900 castri
713 846 1062 900 habitatores
1099 846 1173 898 ad
1207 847 1426 900 dictum
1475 863 1724 899 comune
1761 857 1995 913 propter
2032 849 2141 900 hoc

505 924 887 989 pertinebant,
928 932 990 976 ut
1027 941 1142 990 que
1179 931 1341 976 erant
1377 923 1658 990 aquisicta
1681 941 1714 976 a
1739 923 1895 978 dicto
1932 941 2141 977 mona-

509 1001 682 1053 sterio
721 1001 809 1053 vel
836 1001 962 1066 ipso
989 1001 1242 1060 comuni,
1272 1001 1477 1053 eadem
1502 1001 1804 1066 occupavit
1840 1010 1898 1054 et
1921 1002 2141 1054 detinet

508 1086 786 1143 occupata
822 1077 1182 1143 sepedictum
1219 1094 1485 1131 comune.
1528 1079 1672 1130 Item
1699 1078 2019 1144 specialiter
2045 1094 2142 1143 pe-

509 1164 637 1208 tunt
673 1155 779 1206 sibi
819 1155 1038 1207 restitui
1078 1165 1138 1208 ut
1175 1155 1333 1220 prius
1359 1155 1633 1221 quicquid
1661 1155 1912 1208 municio
1950 1163 2008 1207 et
2031 1155 2142 1208 fos-

508 1241 631 1284 sata
667 1232 790 1284 eius
845 1248 1020 1298 quarn
1065 1248 1218 1284 novo
1273 1231 1404 1284 fecit
1457 1248 1706 1284 comune
1759 1233 2048 1284 Cremone
2083 1241 2142 1285 et

505 1316 743 1361 vocatur
781 1309 954 1360 rocha
990 1310 1174 1360 Castri
1204 1309 1336 1360 novi
1366 1309 1622 1361 continet
1656 1309 1816 1361 iuxta
1837 1309 2138 1362 ecclesiam

509 1395 565 1438 et
603 1386 975 1451 pertinentias
1021 1386 1201 1438 sancti
1259 1385 1573 1445 MichaeliS,
1613 1384 1712 1451 qui
1750 1394 1838 1438 est
1873 1385 2020 1439 inter
2058 1385 2140 1438 di-

510 1473 662 1514 ctam
721 1463 1048 1524 rocheram;
1107 1461 1306 1514 dicunt
1359 1461 1512 1514 enim
1572 1461 1785 1515 dictam
1839 1461 2139 1514 ecclesiam

509 1555 674 1592 suam
711 1556 838 1591 esse
873 1555 1005 1591 cum
1057 1539 1176 1590 suis
1223 1538 1578 1604 pertinentiis
1614 1556 1747 1592 cum
1785 1539 1921 1606 quia
1955 1539 2143 1592 domi—

510 1617 669 1668 nium
707 1632 910 1668 eorum
963 1615 1068 1668 suit
1119 1616 1459 1668 auctoritate
1513 1616 1724 1668 summi
1759 1616 2048 1681 pontificis
2082 1625 2143 1669 et

507 1693 618 1744 alia
655 1693 791 1745 iuris
827 1691 1023 1744 debita
1071 1692 1475 1756 solempnitate
1525 1709 1640 1758 que
1678 1708 1793 1744 non
1834 1692 2140 1746 intervenit

510 1771 582 1822 ab
620 1771 702 1822 eis
760 1770 1011 1836 separari
1047 1769 1255 1834 potuit,
1294 1785 1428 1822 cum
1465 1770 1639 1821 etiam
1676 1769 1811 1834 quia
1848 1785 2034 1822 canon
2068 1787 2141 1822 ex

510 1847 633 1912 ipsa
669 1863 771 1900 seu
810 1864 914 1913 pro
951 1846 1074 1912 ipsa
1128 1845 1370 1898 ecclesia
1423 1846 1506 1898 eis
1543 1845 1806 1898 debitum
1843 1847 2140 1899 annuatim

509 1941 544 1976 a
581 1923 816 1976 biennio
851 1933 910 1976 et
944 1923 1193 1988 amplius
1230 1923 1467 1974 minime
1494 1923 1671 1976 estitit
1695 1923 1918 1976 solutus
1953 1925 2028 1975 ab
2054 1939 2144 1976 ec-

509 2001 682 2056 clesia
717 2009 912 2053 sancte
950 2001 1210 2065 Agathes
1245 1999 1320 2052 de
1354 2001 1640 2052 Cremona
1665 2000 1753 2052 vel
1791 2001 1864 2052 ab
1899 2000 2012 2052 alio
2038 2017 2143 2066 pro

513 2095 600 2138 ea,
641 2086 874 2143 propter
911 2077 1066 2144 quod
1102 2077 1275 2130 etiam
1301 2077 1348 2128 si
1388 2092 1666 2142 umquam
1703 2077 2047 2130 discesserat
2068 2076 2143 2129 ad

516 2155 672 2218 ipsos
709 2153 862 2207 idem
902 2153 1225 2206 dominium
1275 2162 1363 2206 est
1397 2154 1524 2219 ipso
1561 2154 1683 2206 iure
1719 2170 2012 2207 reversum
2040 2195 2055 2208 .
2086 2195 2097 2208 .
2126 2193 2139 2208 .

515 2231 688 2284 etiam
743 2231 879 2297 quia
915 2230 1040 2296 ipsa
1090 2230 1357 2283 alienatio
1403 2230 1704 2283 manifeste
1735 2231 1845 2284 -suit
1893 2231 1948 2284 in
1984 2231 2146 2283 dam-

515 2323 698 2373 pnum
719 2323 993 2372 magnum
1010 2307 1268 2366 ecclesie,
1291 2315 1523 2372 propter
1543 2306 1702 2373 quod
1725 2307 1995 2372 singulari
2021 2308 2144 2360 iure

515 2394 730 2437 statuto
767 2400 867 2436 seu
905 2384 1078 2436 etiam
1105 2383 1386 2450 acquisito
1413 2383 1672 2449 predicto
1696 2385 2047 2436 monasterio
2072 2401 2141 2437 ex

518 2461 806 2527 rescriptis
857 2459 1227 2525 indulgentiis
1285 2460 1556 2525 predictis
1607 2460 2143 2514 confirmationibus

519 2537 1005 2604 proliencionibus
1029 2537 1389 2602 imperatoris
1416 2536 1701 2591 Frederici
1727 2540 1853 2604 ipso
1879 2538 2000 2591 iure
2024 2555 2141 2590 non

517 2616 711 2668 valuit.
757 2616 902 2667 Item
955 2614 1153 2667 dicunt
1195 2614 1354 2680 quod
1390 2615 1747 2680 sepedictum
1785 2633 2034 2669 comune
2068 2615 2143 2668 de

519 2708 670 2744 novo
707 2691 922 2744 scilicet
957 2709 990 2742 a
1025 2691 1425 2757 quinquennio
1450 2693 1589 2745 citra
1615 2692 1826 2746 fossata
1861 2703 1919 2746 et
1945 2709 2143 2746 muros

516 2769 647 2821 secit
683 2777 858 2834 atque
895 2777 1078 2820 turres
1131 2776 1189 2820 et
1224 2767 1402 2822 etiam
1436 2778 1630 2833 portas
1667 2769 1722 2821 in
1760 2771 1887 2822 loco
1925 2771 2024 2836 qui
2061 2771 2144 2822 di—

519 2846 755 2898 cebatur
809 2854 988 2904 costa,
1045 2844 1121 2897 ibi
1174 2844 1390 2897 scilicet
1425 2846 1580 2910 apud
1632 2855 1881 2899 castrum
1925 2864 2141 2900 novum

517 2923 859 2988 predictum,
899 2922 1044 2974 inter
1080 2931 1329 2974 castrum
1366 2923 1668 2988 antiquum
1705 2925 1864 2990 quod
1901 2924 2007 2990 ipsi
2045 2924 2143 2977 de—

514 3007 844 3052 struxerunt
879 3008 936 3051 et
971 2999 1220 3064 burgum
1258 2998 1518 3052 eiusdem
1555 3000 1818 3067 loci,que
1854 3001 2065 3054 fossata
2086 3011 2143 3053 et

515 3075 661 3128 muri
698 3085 757 3129 et
806 3083 992 3127 turres
1050 3085 1108 3128 et
1143 3075 1318 3128 etiam
1367 3084 1531 3140 porte
1585 3087 1720 3130 sunt
1776 3094 1881 3142 pro
1941 3077 2141 3130 maiori

513 3162 694 3218 parte,
734 3152 812 3205 ita
847 3152 1008 3217 quod
1044 3151 1289 3216 septima
1324 3169 1456 3217 pars
1491 3170 1608 3206 non
1644 3163 1731 3207 est
1766 3154 1970 3216 aliena,
2007 3165 2142 3208 sunt

514 3229 569 3281 in
608 3239 759 3281 terra
788 3245 964 3295 quam
991 3229 1306 3281 Anselmus
1332 3229 1650 3282 Salvaticus
1677 3232 1975 3296 quondam
2001 3231 2140 3284 civis

513 3307 804 3358 Cremone
843 3321 996 3357 nunc
1031 3321 1168 3358 vero
1187 3307 1492 3358 Trecensis
1529 3307 1761 3361 tenebat
1795 3307 1868 3359 ab
1908 3308 2045 3373 ipsis
2082 3318 2139 3361 et

510 3391 707 3436 tenere
743 3381 1125 3434 confitebatur
1159 3389 1217 3434 et
1250 3383 1556 3436 confitetur
1592 3400 1655 3435 se
1691 3392 1888 3437 tenere
1925 3384 2139 3437 debere

510 3458 822 3512 honorifice
862 3459 917 3510 in
961 3458 1198 3511 seudum
1255 3475 1386 3512 cum
1441 3460 1600 3512 omni
1653 3460 2047 3514 iurisdictione
2082 3470 2140 3514 et

509 3537 731 3588 honore
768 3545 942 3601 atque
978 3535 1238 3588 districtu
1292 3535 1415 3601 ipse
1469 3545 1527 3589 et
1581 3537 1745 3590 heres
1782 3537 1868 3591 sui
1905 3547 2024 3590 tam
2062 3539 2139 3590 se-

508 3613 662 3664 mine
700 3629 877 3678 quam
914 3612 1172 3664 masculi.
1213 3613 1579 3678 Quapropter
1616 3630 1748 3666 cum
1775 3624 2010 3680 propter
2036 3631 2138 3666 oc-

507 3690 876 3755 cupationem
915 3688 1303 3754 predictorum
1340 3691 1686 3744 fossatorum
1731 3701 1790 3744 et
1837 3708 2136 3744 murorum

507 3774 686 3831 atque
721 3765 962 3818 turrium
1019 3782 1134 3831 que
1191 3765 1409 3820 dictum
1461 3783 1710 3820 comune
1761 3777 1935 3830 tenet,
1981 3769 2137 3822 dicto

507 3842 788 3894 Anselmo
826 3842 1004 3894 invito
1041 3851 1099 3894 et
1137 3843 1387 3904 nolente,
1415 3843 1494 3896 ita
1518 3845 1679 3909 quod
1707 3861 1814 3897 nec
1852 3845 1990 3910 ipsis
2015 3862 2137 3898 mu-

506 3918 822 3971 nitionibus
860 3934 966 3970 nec
1001 3918 1125 3970 aliis
1159 3919 1232 3971 ad
1272 3919 1460 3984 ipsum
1505 3921 1849 3973 Anselmum
1898 3921 2135 3974 seudum

508 4003 770 4048 nostrum
807 3995 1228 4060 pertinentibus
1264 3995 1412 4048 intra
1438 3996 1590 4062 ipsas
1629 3998 1978 4050 munitiones
2003 4015 2137 4051 con-

507 4072 719 4125 stitutis
749 4110 763 4124 .
791 4113 804 4126 .
829 4111 842 4125 .
886 4070 1065 4124 libere
1103 4081 1164 4125 ut
1199 4072 1374 4126 debet
1402 4111 1416 4125 .
1445 4113 1460 4126 .
1491 4111 1504 4126 .
1544 4074 1627 4126 eis
1665 4091 1781 4126 non
1818 4075 1986 4127 saciat
2021 4091 2137 4126 ser-

506 4148 716 4200 vicium
755 4157 816 4201 ut
853 4157 1082 4201 tenetur
1117 4148 1274 4201 idem
1311 4150 1645 4213 AnselmuS,
1683 4151 1774 4203 cui
1811 4151 1984 4204 etiam
2011 4169 2137 4218 pre-

507 4224 724 4277 dictum
777 4225 1016 4278 feudum
1073 4233 1342 4279 tenentur
1394 4226 1728 4280 deffendere
1782 4236 1845 4280 ut
1891 4228 2133 4288 domini,

505 4302 719 4355 scilicet
755 4310 921 4368 pacta
947 4311 1005 4355 et
1035 4303 1448 4356 conventiones
1472 4305 1620 4356 inter
1643 4305 1800 4370 ipsos
1835 4312 1892 4358 et
1917 4305 2133 4359 dictum

507 4379 848 4431 Anselmum
871 4379 1066 4440 sactaS,
1091 4387 1295 4444 petunt
1313 4381 1526 4432 dictam
1552 4382 1931 4434 munitionem
1957 4399 2134 4447 quem

506 4464 712 4509 vocant
749 4457 1173 4508 Cremonenses
1210 4457 1438 4510 rocham
1477 4459 1658 4510 Castri
1701 4458 1832 4510 novi
1874 4459 2012 4524 ipsis
2050 4476 2135 4512 re-

505 4532 661 4584 stitui
711 4533 801 4583 vel
855 4532 1010 4584 dicto
1069 4533 1350 4586 Anselmo
1403 4535 1649 4587 vassallo
1694 4552 1820 4598 suo,
1859 4536 1937 4587 ita
1973 4536 2133 4602 quod

510 4610 630 4674 ipse
669 4608 982 4661 Anselmus
1021 4617 1082 4662 ut
1120 4625 1321 4662 eorum
1361 4612 1606 4664 vasallus
1651 4612 1804 4664 dicta
1840 4613 2014 4666 rocha
2052 4614 2134 4666 uti

504 4686 684 4751 possit
718 4697 775 4739 et
811 4687 968 4739 omni
1008 4703 1080 4739 eo
1117 4687 1276 4754 quod
1323 4688 1446 4752 ipsa
1499 4689 1572 4740 de
1628 4698 1777 4742 terra
1830 4690 1966 4742 dicti
2005 4693 2133 4743 An-

502 4763 664 4815 selmi
691 4763 946 4816 continet
987 4773 1044 4816 et
1081 4765 1353 4816 omnibus
1389 4765 1507 4817 suis
1543 4766 1870 4818 racionibus
1895 4769 2131 4820 rocham

503 4840 770 4892 eamdem
790 4841 1113 4894 constitutis
1133 4841 1206 4892 ad
1226 4841 1466 4893 seudum
1487 4842 1677 4907 ipsum
1690 4844 2129 4908 pertinentibuS,

503 4916 668 4969 sicuti
705 4917 778 4968 de
814 4934 874 4969 re
911 4917 1140 4982 propria
1187 4917 1310 4969 iure
1365 4918 1576 4971 feudali
1631 4920 1935 4972 servicium
1973 4920 2132 4972 debi-

503 5001 626 5046 tum
666 4993 801 5058 ipsis
836 5003 1071 5060 propter
1121 4995 1357 5047 feodum
1393 4996 1612 5048 dictum
1651 4997 2000 5058 exhibend0‚
2040 4999 2129 5050 vel

501 5087 572 5123 eo
610 5071 938 5136 negligente
974 5070 1236 5124 debitum
1271 5072 1578 5124 servicium
1601 5073 1894 5135 exhibere,
1936 5075 2043 5140 ipsi
2068 5083 2131 5128 ut

500 5148 720 5200 domini
756 5148 1014 5212 predicto
1070 5147 1246 5200 feudo
1301 5166 1409 5202 suo
1463 5150 1640 5202 libere
1677 5151 1899 5216 possint
1937 5151 2017 5204 uti
2053 5150 2127 5204 ad

497 5224 854 5278 voluntatem
891 5241 1076 5288 suam,
1098 5242 1230 5278 cum
1255 5227 1451 5280 omnia
1485 5227 1741 5292 predicta
1777 5227 1900 5280 sola
1933 5238 2129 5281 aucto-

498 5302 661 5354 ritate
717 5302 853 5354 iuris
905 5303 1112 5356 cedere
1163 5302 1416 5356 debeant
1466 5313 1524 5356 et
1558 5305 1851 5358 cesserint.
1921 5307 2129 5358 Petunt

497 5379 669 5430 etiam
707 5378 862 5431 dicto
899 5379 1113 5432 vasallo
1149 5396 1352 5432 eorum
1379 5381 1488 5432 alia
1513 5382 1710 5433 omnia
1745 5382 1998 5446 dampna
2025 5399 2127 5448 per

497 5457 708 5510 fossata
741 5456 1021 5523 premissa
1053 5456 1207 5512 illata
1229 5475 1265 5510 a
1289 5457 1443 5511 dicto
1479 5459 1711 5512 comuni
1747 5459 1966 5514 restitui
1993 5475 2125 5513 cum

1529 285 1796 334 CODICE
1841 285 2355 334 DIPLOMATICO
2400 285 2855 338 CREMONESE

2240 540 2611 593 extimatione
2636 541 2791 592 mille
2816 541 3009 594 libras·
3042 543 3187 594 Item
3214 551 3421 608 petunt
3444 542 3665 608 prefato
3690 547 3848 600 modo

2238 617 2394 670 dicto
2431 617 2645 670 vasallo
2684 617 2940 682 ipsorum
2990 619 3081 670 vel
3118 618 3257 684 ipsis
3293 619 3515 672 restitui
3550 620 3741 673 omnia
3772 639 3849 675 ca-

2240 703 2502 746 samenta
2538 711 2653 760 que
2689 703 2823 747 sunt
2859 695 3169 748 constituta
3203 696 3349 748 inter
3370 704 3619 749 castrum
3656 714 3751 750 seu
3776 717 3851 752 ro-

2240 771 2408 822 cham
2438 770 2755 836 predictam
2780 780 2836 823 et
2864 772 3111 837 burgum
3132 771 3394 825 eiusdem
3421 773 3530 826 loci
3554 773 3629 825 ad
3654 773 3851 830 dictum

2241 847 2585 900 Anselmum
2646 848 2987 914 pertinentia
3043 858 3323 914 occupata
3383 849 3604 902 detinet
3654 850 3852 906 dictum

2240 939 2489 976 comune
2526 941 2627 990 per
2663 941 2726 977 se
2760 925 2852 976 vel
2888 925 3052 987 alios,
3105 934 3164 978 et
3208 941 3383 978 omne
3421 925 3699 979 damnum
3734 945 3850 994 pro-

2241 1009 2367 1066 pter
2404 1002 2513 1054 hoc
2551 1002 2740 1067 ipsum
2777 1002 2967 1055 eidem
3006 1002 3288 1056 Anselmo
3315 1002 3536 1056 illatum
3576 1020 3755 1069 usque
3788 1008 3853 1059 ad

2242 1077 2395 1130 mille
2431 1078 2605 1130 libras
2640 1079 2806 1140 den.;
2852 1095 2969 1146 que
3022 1079 3147 1145 ipsa
3182 1089 3513 1133 casamenta
3546 1080 3668 1132 sive
3702 1083 3857 1134 sedu-

2242 1153 2395 1205 mina
2434 1149 2653 1220 prefato
2692 1154 2870 1207 modo
2906 1153 2979 1207 acl
3016 1156 3234 1208 dictum
3260 1155 3605 1208 Anselmum
3642 1156 3807 1210 debet
3829 1177 3857 1212 a

2240 1229 2395 1282 dicto
2433 1231 2782 1283 monasterio
2817 1231 2997 1284 teneri
3044 1232 3282 1285 seudum
3336 1241 3393 1285 et
3443 1234 3615 1286 etiam
3654 1234 3857 1288 dictum

2238 1315 2487 1359 castrum
2524 1324 2657 1360 cum
2694 1309 2965 1360 omnibus
3020 1309 3399 1373 pertinentiiS,
3440 1319 3678 1376 propter
3710 1313 3857 1376 quod

2240 1383 2495 1437 venditio
2530 1385 2621 1436 vel
2660 1385 2770 1438 alia
2806 1386 3095 1448 alienatio,
3152 1403 3330 1452 quam
3381 1387 3504 1452 ipse
3558 1388 3859 1440 Anselmus

2240 1461 2513 1526 precipue
2538 1471 2771 1514 coactus
2792 1479 2826 1513 a
2846 1462 3001 1515 dicto
3026 1463 3262 1516 comuni
3284 1463 3375 1514 vel
3395 1464 3719 1528 expoliatus
3742 1465 3863 1516 suis-

2241 1545 2347 1597 set,
2386 1538 2508 1589 sine
2544 1539 2886 1602 prescientia
2923 1546 2980 1591 et
3024 1539 3274 1592 absensu
3312 1540 3571 1605 ipsorum
3608 1557 3723 1592 non
3757 1543 3863 1594 val-

2239 1613 2376 1676 lent,
2416 1615 2687 1680 precipue
2713 1616 2769 1667 in
2796 1615 3173 1681 preiudicium
3210 1616 3465 1681 ipsorum
3502 1615 3861 1670 dominorum

2241 1707 2359 1757 quo
2395 1691 2585 1744 minus
2626 1691 2727 1757 ipsi
2767 1692 3027 1757 predicto
3082 1692 3259 1745 modo
3306 1701 3503 1758 petere
3540 1703 3775 1758 possent
3810 1695 3863 1746 il-

2241 1766 2339 1818 lud
2376 1767 2533 1834 quod
2573 1767 2647 1820 ad
2686 1769 2773 1820 ius
2803 1807 2815 1820 .
2848 1809 2861 1822 .
2894 1807 2908 1820 .
2948 1769 3186 1822 seudum
3224 1786 3397 1822 suum
3434 1771 3703 1835 pertinet.
3743 1773 3863 1822 Pre-

2241 1843 2392 1896 dicta
2427 1845 2624 1896 onmia
2660 1845 2860 1898 dicunt
2895 1855 2952 1898 et
3006 1854 3212 1911 petunt
3263 1845 3423 1898 salvo
3461 1846 3583 1900 iure
3617 1847 3862 1899 addendi

2242 1929 2299 1972 et
2332 1921 2693 1974 diminuendi
2747 1933 2804 1975 et
2846 1922 3169 1988 corrigendi
3208 1931 3264 1976 et
3302 1923 3563 1976 mutandi
3600 1923 3780 1976 abbas
3812 1935 3863 1976 et

2242 2007 2561 2050 conventus
2596 1999 2855 2064 predicti.

2312 2103 2351 2164 η’-
2392 2101 2516 2165 Ego
2554 2102 2847 2154 Gerardus
2901 2101 3254 2168 Pelliparius,
3292 2103 3435 2156 sacri
3472 2104 3677 2169 palacii
3714 2115 3865 2158 nuta-

2245 2177 2380 2240 riuS,
2410 2178 2541 2230 huic
2566 2178 2794 2231 interfui
2824 2186 2881 2232 et
2907 2189 3141 2246 rogatus
3166 2181 3363 2247 scripsi
3388 2198 3424 2234 a
3446 2181 3603 2234 dicto
3629 2182 3863 2235 sindico,

2244 2386 2328 2429 12.
2377 2405 2457 2412 —
2513 2388 2579 2428 12
2592 2387 2689 2444 30,
2738 2367 2826 2430 id.
2874 2367 2961 2429 id.

2326 2504 2721 2585 Episcopus
2766 2504 3008 2567 statuit
3052 2505 3339 2568 sindicis
3376 2505 3759 2569 Cremonae
3803 2519 3865 2568 et

2244 2599 2313 2660 S.
2358 2598 2541 2660 Sixti
2588 2605 2957 2661 terminum
3004 2600 3331 2662 veniendi
3377 2621 3614 2664 coram
3660 2623 3757 2664 se.

2190 2770 2195 2845 l
2241 2821 2326 2880 13.
2372 2838 2455 2847 —
2509 2824 2666 2878 1230
2712 2807 2900 2883 (1229
2939 2803 3107 2882 ineu),
3124 2804 3313 2888 febr.
3344 2825 3440 2876 22,
3484 2806 3867 2868 Cremonae.

2326 2896 2637 2978 Vignati,
2696 2897 2847 2960 cod.
2894 2897 3085 2981 Dipl.
3132 2899 3372 2969 Laud„
3412 2899 3503 2972 II,
3554 2921 3701 2978 299.

2325 3034 2740 3096 Anzelerius
2800 3037 2886 3096 de
2939 3035 3414 3109 Curtemaiori‚
3460 3053 3872 3118 procurator

2242 3127 2563 3188 Anselmi
2633 3128 2987 3201 Salvatici,
3056 3129 3356 3211 porrigit
3413 3130 3687 3194 litteras
3753 3153 3869 3211 po-

2188 3254 2193 3329 1
2240 3222 2473 3283 testati
2522 3223 2901 3285 Cremonae
2957 3244 3049 3284 ex
3108 3239 3307 3304 parte
3366 3224 3685 3305 episcopi
3732 3227 3868 3286 lau-

2240 3315 2493 3388 densis,
2542 3317 2797 3396 quibus
2844 3319 3220 3398 episcopus
3273 3317 3443 3380 citat
3486 3319 3869 3380 Commune

2240 3412 2329 3470 ad
2386 3413 2950 3491 respondendum
2998 3413 3084 3472 de
3132 3411 3400 3472 iniuriis
3444 3413 3678 3474 allatis
3724 3413 3869 3474 An-

2240 3504 2476 3575 selmo,
2539 3504 2906 3565 occasione
2974 3525 3221 3567 roccae
3296 3506 3481 3584 apud
3547 3505 3865 3569 Castrum

2238 3617 2497 3660 novum
2531 3600 2615 3658 de
2646 3599 2880 3659 Bucca
2902 3598 3155 3660 Aduae
3187 3609 3257 3660 et
3282 3599 3571 3660 aliarum
3605 3619 3868 3672 rerum3

2237 3703 2597 3770 praeterea
2641 3693 2757 3754 dat
2803 3693 3095 3754 alterum
3140 3692 3455 3755 libellum
3509 3694 3868 3774 potestati,

2239 3805 2377 3865 quo
2426 3785 2783 3846 denuntiat
2830 3787 2920 3846 A.
2974 3785 3400 3849 Selvaticum
3444 3806 3583 3848 non
3628 3807 3788 3848 esse
3834 3809 3872 3848 a

2238 3877 2518 3940 biennio
2566 3878 2791 3940 civem
2839 3899 3359 3942 cremonensem
3419 3881 3543 3942 sed
3600 3890 3868 3942 trecen-

2238 3992 2382 4033 sem
2418 3985 2486 4034 et
2518 3973 2843 4053 prohibet
2874 3973 3258 4044 Communi,
3289 3993 3379 4035 ex
3405 3985 3599 4054 parte
3632 3975 3869 4055 Papae

2238 4076 2307 4128 et
2371 4066 2878 4146 archiepiscopi
2939 4066 3335 4138 Mediolani,
3391 4070 3521 4130 sub
3567 4089 3867 4148 quorum

2237 4163 2669 4240 protectione
2732 4160 3159 4221 salvaticum
3219 4161 3437 4241 ponit,
3483 4181 3571 4223 ne
3634 4162 3866 4243 ipsum

2238 4254 2307 4314 in
2354 4255 2587 4334 aliquo
2634 4255 2929 4316 laedant.

2304 4459 2344 4520 -1-
2383 4459 2556 4509 Anno
2601 4456 2890 4508 dominice
2941 4456 3345 4509 incarnationis
3400 4457 3709 4510 millesimo
3766 4459 3867 4510 du-

2234 4536 2549 4586 centesimo
2586 4534 2865 4597 vigesimo
2920 4549 3096 4593 none,
3155 4534 3467 4587 indictione
3522 4535 3730 4596 tercia,
3776 4537 3869 4587 die

2234 4611 2456 4664 veneris
2500 4619 2705 4663 octavo
2758 4611 3035 4663 kalendas
3088 4612 3294 4671 martii,
3348 4613 3637 4665 Cremone
3673 4612 3733 4664 in
3772 4630 3868 4678 pa—

2232 4688 2367 4740 latio
2402 4689 2667 4741 comunis
2703 4689 3009 4750 cremone,
3036 4704 3229 4740 coram
3267 4689 3538 4742 Alberico
3573 4689 3647 4742 de
3686 4691 3868 4743 Cam-

2234 4766 2513 4832 prinaldO,
2555 4765 2868 4818 Guilielmo
2906 4766 3273 4830 Bracoforte,
3314 4767 3555 4819 testibus
3589 4769 3830 4832 rogatis.

2300 4843 2589 4908 Angerius
2626 4843 2699 4894 (le
2742 4843 2916 4894 Curte
2972 4842 3195 4904 maiori,
3251 4853 3587 4908 procurator
3639 4845 3865 4896 domini

2234 4920 2494 4971 Anselmi
2532 4919 2817 4979 Salvatici,
2858 4919 3081 4983 porexit
3134 4929 3191 4971 et
3244 4919 3403 4972 dedit
3455 4918 3697 4972 domino
3744 4923 3867 4973 Hu-

2230 4998 2364 5062 goni
2407 4999 2613 5062 Luppo
2650 4997 2917 5061 potestati
2974 4999 3279 5056 Cremone‚
3336 5013 3407 5049 ex
3444 5006 3605 5063 parte
3638 4999 3866 5050 domini

2229 5074 2482 5140 episcopi
2520 5073 2829 5134 laudensis,
2868 5073 3114 5126 litteram
3150 5073 3437 5138 signatam
3470 5074 3657 5138 sigillo
3694 5091 3867 5127 cereo

2231 5152 2407 5215 ipsius
2456 5151 2711 5216 episcopi
2760 5151 2815 5202 in
2862 5167 2931 5203 ea
2967 5149 3263 5216 pendenti,
3315 5150 3479 5203 cuius
3524 5160 3691 5204 tenor
3737 5153 3867 5204 talis

2230 5239 2346 5280 est:

2296 5304 2687 5371 Ofttobellns'l,
2744 5303 2937 5356 divina
2992 5304 3359 5357 miseratione
3396 5303 3690 5357 laudensis
3747 5306 3865 5370 epi-

2226 5399 2455 5447 scopus,
2496 5382 2671 5433 nobili
2728 5383 2849 5434 viro
2899 5381 3135 5445 Hugoni
3178 5383 3381 5447 Luppo
3420 5383 3687 5447 potestati
3730 5385 3863 5433 Cre-

2174 5422 2181 5528 Ι
2232 5476 2405 5514 mone
2441 5458 2686 5512 salutem
2724 5459 2779 5511 in
2822 5459 3094 5512 Domino,
3152 5459 3469 5512 Anselmus
3516 5459 3861 5522 SalvaticuS,
