4050 6109
1109 310 1260 387 169-
1293 327 1427 387 170.
1483 346 1542 355 -
1602 324 1675 371 A.
1733 330 1910 387 1313.
1960 346 2039 355 -
2088 323 2363 373 SECOLO
2408 324 2571 373 XIV.
3424 330 3495 389 31

171 446 229 453 -—-
828 438 1596 457 —m—:ss———m’

165 564 304 616 tibus
339 562 462 629 ipsa
495 578 664 617 arma
695 564 874 631 ligata
899 565 975 617 ad
1001 566 1291 619 manicum
1315 567 1406 619 vel
1442 566 1789 620 habentibus

165 639 457 705 capellum,
497 650 559 693 et
586 640 643 693 iri
681 640 994 695 foresteriis
1019 642 1291 695 euntibus
1313 651 1475 695 extra
1499 643 1786 696 civitatem

163 794 230 847 de
246 793 352 847 alia
379 793 614 849 civitate
651 794 1020 849 venientibus
1055 796 1128 848 ad
1153 796 1442 849 civitatem
1478 798 1784 859 Cremone,

165 870 230 922 de
263 870 478 937 quibus
513 871 732 925 debeat
787 872 908 925 fieri
967 872 1232 939 probatio
1265 890 1369 939 per
1413 872 1562 926 duos
1615 882 1790 927 testes

1885 566 2067 633 possit
2104 566 2280 620 modo
2316 566 2511 634 aliquo
2562 569 2651 620 vel
2706 566 2939 633 ingenio
2990 566 3229 620 concedi
3278 565 3508 621 licentia

1836 663 1840 708 ς
1886 660 1986 697 seu
2025 644 2299 710 parabola
2334 659 2437 710 per
2470 644 2695 711 aliquos
2747 652 2997 698 rectores
3042 643 3369 697 communis
3402 660 3505 698 seu

166 718 478 769 Cremonae
513 718 592 771 ad
630 718 890 785 aliquam
927 718 1098 773 aliam
1135 719 1450 782 civitatem,
1487 720 1576 773 vel
1613 720 1786 773 etiam
1836 748 1846 760 ν

1887 719 2083 787 populi
2121 722 2443 775 Cremonae
2496 721 2763 787 portandi
2798 720 2991 788 aliqua
3024 738 3187 773 arma
3222 720 3295 773 ad
3331 720 3509 774 offen-

1886 797 2130 851 sionem.
2188 799 2282 850 Ad
2338 797 2735 853 defensionem
2784 814 2923 851 vero
2958 797 3140 865 possit
3173 798 3413 851 concedi
3448 798 3510 850 li-

1886 874 2092 937 centia,
2131 874 2279 929 iusta
2314 892 2487 929 causa
2524 875 2954 937 interveniente,
2993 890 3144 941 quae
3180 873 3390 929 debeat
3412 892 3509 941 ap-

163 948 243 999 vel
276 948 418 1000 alias
453 948 746 1014 legitimas
780 949 1140 1003 coniecturas
1176 949 1230 1002 in
1267 950 1682 1004 deliberatione
1705 966 1789 1003 re·
1835 918 1840 990 Ι
1886 952 2115 1017 probari
2153 968 2254 1018 pei·
2292 952 2441 1017 ipsos
2494 961 2764 1015 rectoreS,
2822 952 3090 1005 consules
3142 960 3201 1004 et
3236 951 3507 1005 anzianos

161 1024 338 1087 cioriS,
378 1024 548 1079 cuius
584 1025 800 1079 familia
837 1025 990 1080 dicta
1025 1042 1188 1081 arma
1213 1026 1543 1081 invenisset.
1576 1028 1649 1082 Et
1677 1030 1786 1081 hoc

161 1110 430 1157 statutum
467 1102 542 1155 sit
579 1113 870 1161 truncum.
910 1112 1020 1158 ete.

937 1276 1018 1326 18.

363 1394 460 1445 De
483 1392 655 1461 penis
681 1393 1043 1460 portantium
1078 1408 1247 1445 arma
1283 1394 1566 1447 absconsa.

223 1515 366 1565 Item
405 1512 624 1565 eodem
661 1511 970 1565 millesimo
1008 1511 1320 1566 indictione
1355 1522 1415 1565 et
1450 1528 1650 1567 mense
1671 1522 1792 1565 sta-

163 1599 338 1643 tutum
375 1598 438 1642 et
473 1588 812 1643 ordinatum
865 1599 974 1651 est,
1031 1590 1192 1655 quod
1247 1589 1294 1642 si
1347 1589 1553 1656 aliquis
1597 1590 1792 1643 cuius—

161 1682 404 1733 cumque
459 1664 815 1719 conditionis
869 1666 1078 1720 existat
1130 1666 1268 1719 civis
1315 1667 1406 1719 vel
1441 1666 1684 1719 sorensis
1717 1667 1792 1719 de

161 1744 244 1795 die
279 1743 368 1796 vel
421 1743 502 1796 de
555 1751 730 1797 nocte
782 1750 1048 1809 repertus
1097 1742 1266 1795 suerit
1319 1752 1550 1809 portare
1599 1743 1794 1809 aliqua
1839 1751 1844 1774 ¹

161 1836 310 1871 arma
357 1818 728 1873 offendibilia
778 1819 1083 1880 absconsa,
1133 1819 1294 1886 quod
1347 1820 1616 1885 puniatur
1649 1819 1706 1873 in
1747 1822 1794 1873 L

163 1897 306 1949 libris
341 1896 490 1963 imp.
531 1904 592 1949 et
635 1896 798 1963 quod
833 1896 910 1948 de
945 1896 1274 1949 carceribus
1311 1912 1426 1949 non
1463 1896 1677 1949 debeat
1711 1913 1794 1949 re-

161 1973 322 2025 laxari
357 1972 560 2027 donec
593 1974 831 2027 solverit
865 1973 1413 2027 condemnationem
1453 1973 1791 2039 predictam.

167 2052 226 2103 Et
260 2050 370 2103 hoc
405 2057 698 2103 statutum
755 2050 830 2103 sit
889 2058 1179 2113 truncum,
1236 2058 1349 2103 etc.
1407 2051 1480 2102 Et
1513 2050 1796 2103 absconsa

163 2127 570 2193 intelligantur,
607 2126 656 2179 si
701 2134 964 2193 repertus
999 2126 1170 2179 fuerit
1202 2125 1338 2179 alibi
1387 2126 1602 2179 habere
1637 2142 1796 2179 arma

163 2220 326 2269 quain
363 2204 426 2255 in
465 2204 614 2256 locis
645 2203 962 2265 consuetiS,
991 2202 1090 2255 ubi
1129 2202 1418 2257 insuetum
1444 2203 1518 2257 sit
1537 2219 1797 2257 commu-

161 2281 296 2333 niter
329 2289 572 2346 portare
607 2296 789 2333 arma.
831 2282 904 2333 Et
939 2279 1100 2346 quod
1139 2280 1405 2333 inventor
1429 2288 1694 2333 teneatur
1717 2280 1796 2333 sa-

159 2373 278 2411 cere
312 2357 492 2409 scribi
533 2357 632 2410 ubi
671 2368 728 2411 et
767 2357 822 2409 in
861 2372 980 2422 qua
1015 2365 1178 2423 parte
1213 2374 1498 2423 personae
1533 2357 1798 2411 habuerit

159 2434 304 2487 dicta
337 2450 528 2488 arma.

947 2606 1026 2657 19.

324 2726 426 2778 De
449 2725 622 2793 penis
657 2726 910 2777 euntium
949 2724 1017 2777 de
1051 2728 1208 2777 nocte
1240 2724 1362 2777 sinc
1396 2724 1626 2777 lumine.

227 2846 371 2897 Item
412 2843 632 2897 eodem
671 2843 980 2897 millesimo
1017 2844 1330 2897 indictione
1365 2852 1422 2896 et
1460 2860 1658 2895 mense
1682 2852 1800 2895 sta-

169 2932 345 2973 tutum
385 2928 449 2973 et
489 2920 824 2974 ordinatum
860 2930 968 2982 est,
1014 2920 1174 2987 quod
1211 2921 1258 2973 si
1293 2920 1500 2986 aliquis
1535 2920 1673 2973 civis
1709 2920 1798 2971 vel

164 2996 532 3050 districtualis
587 2998 916 3050 Cremonae
971 2997 1238 3051 inventus
1291 2997 1459 3051 suerit
1509 2996 1584 3050 de
1631 3006 1800 3049 nocte

165 3076 278 3127 sine
315 3074 501 3127 armis
537 3084 597 3126 et
631 3089 766 3126 cum
821 3074 1040 3126 lumine
1089 3072 1249 3141 quod
1293 3072 1474 3126 nihilo
1511 3074 1798 3139 puniatur.

167 3152 230 3203 Et
263 3160 384 3203 tres
409 3152 640 3216 possint
665 3147 806 3203 esse'
818 3149 892 3202 ad
924 3166 1098 3204 unam
1121 3150 1424 3203 candelam
1453 3166 1556 3203 seu
1581 3150 1798 3203 lumen.

165 3230 219 3279 Si
253 3244 394 3281 vero
429 3229 560 3279 sine
587 3227 808 3280 lumine
861 3226 1130 3279 inventus
1177 3226 1366 3289 suerit,
1405 3226 1690 3294 siquidem
1745 3227 1800 3277 in

1886 1038 1945 1081 et
1980 1028 2285 1081 dominum
2322 1038 2711 1093 executorem,
2768 1028 2919 1083 sacto
2971 1028 3181 1095 partito
3227 1027 3371 1081 inter
3406 1044 3508 1081 eos

1835 1125 1840 1176 Ι
1885 1105 1958 1159 ad
1997 1105 2265 1159 bussolas
2300 1113 2357 1157 et
2392 1106 2676 1168 ballottaS,
2716 1122 2963 1173 quorum
2995 1104 3145 1158 duae
3180 1114 3372 1171 partes
3395 1104 3509 1157 sint

1835 1207 1840 1216 ·
1889 1183 1944 1235 in
1979 1180 2307 1235 concordia.
2347 1182 2419 1235 Et
2455 1182 2563 1235 hoc
2600 1190 2877 1236 statutum
2913 1182 2987 1237 sit
3020 1190 3287 1237 truncum
3334 1189 3393 1236 et
3428 1180 3510 1234 ul-

1889 1258 2093 1313 timum
2129 1266 2187 1313 et
2222 1259 2651 1325 derogatorium
2688 1266 2797 1313 ete.

2660 1499 2743 1537 22.

2040 1622 2135 1673 De
2168 1622 2340 1673 certz's
2366 1621 2616 1687 guardis
2638 1620 2929 1687 faciendis
2955 1627 3073 1688 pro
3106 1620 3359 1674 custodia

2150 1700 2449 1751 terrarum
2483 1701 2543 1749 et
2570 1700 2899 1751 clausorum
2934 1698 3249 1751 Maraschi.

1959 1834 2105 1885 Item
2143 1833 2353 1885 eodem
2390 1831 2695 1886 millesimo
2731 1832 3045 1886 indictione
3080 1841 3139 1887 et
3174 1848 3373 1885 mense
3404 1840 3513 1886 sta-

1891 1919 2081 1965 tutum
2117 1918 2175 1964 et
2209 1909 2537 1963 ordinatum
2591 1918 2697 1971 est,
2751 1908 2911 1976 quod
2960 1926 3065 1975 pro
3109 1908 3373 1963 custodia
3408 1916 3517 1963 ter-

1892 2004 2083 2041 rarum
2120 1997 2177 2040 et
2212 1986 2537 2041 clausorum
2578 1986 2881 2047 Maraschi,
2908 1986 3165 2039 Stabielli
3192 1994 3250 2040 et
3273 1986 3513 2038 aliarum

1892 2072 2279 2117 contratarum
2316 2063 2687 2117 vicinantium
2724 2062 3029 2131 praedictis
3052 2062 3331 2129 partibuS,
3357 2061 3515 2128 quod

1892 2156 2008 2193 una
2043 2138 2282 2205 guardia
2320 2139 2417 2191 fiat
2452 2138 2741 2193 sufficiens
2777 2155 2951 2206 super
2973 2138 3214 2191 ecclesia
3237 2136 3515 2197 Stabielli,

1892 2216 2161 2283 expensis
2220 2216 2545 2269 communis
2598 2216 2941 2277 Cremonae,
2996 2215 3183 2283 qualis
3232 2213 3519 2267 videbitur

1893 2293 2147 2347 dominis
2182 2292 2393 2345 vicario
2430 2301 2487 2345 et
2510 2293 2812 2359 capitaneo
2835 2290 3168 2345 consulibus
3190 2300 3249 2343 et
3267 2290 3519 2344 anzianis

1895 2378 1952 2422 et
1987 2368 2111 2421 aliis
2144 2368 2521 2435 sapientibu5‚
2559 2384 2709 2435 quos
2744 2384 2919 2435 super
2942 2368 3053 2421 hoc
3076 2367 3289 2421 habere
3324 2366 3519 2419 volue-

1895 2447 2021 2501 rint.
2061 2447 2133 2499 Et
2184 2446 2294 2499 alia
2346 2444 2565 2513 guarda
2618 2446 2717 2499 fiat
2767 2460 2941 2512 super
2992 2445 3133 2498 turri
3186 2442 3517 2497 monasterii

1895 2524 2087 2576 Cavae
2122 2524 2211 2575 vel
2248 2538 2422 2589 super
2456 2530 2616 2575 costa
2654 2522 2957 2583 Passarini,
2993 2518 3315 2575 secundum
3356 2518 3516 2587 quod

1897 2599 2101 2653 melius
2136 2599 2423 2652 videbitur
2447 2598 2656 2662 fienda,
2682 2599 2951 2665 expensis
2976 2598 3275 2651 hominum
3306 2596 3519 2649 haben-

1897 2674 2039 2729 tium
2078 2676 2263 2729 facere
2288 2677 2343 2729 in
2369 2675 2521 2729 dicta
2544 2684 2803 2729 contrata
2830 2684 2889 2727 et
2912 2675 2987 2727 ab
3012 2673 3147 2727 inde
3170 2674 3310 2726 citra
3333 2688 3521 2739 usque

1897 2752 1969 2805 ad
2005 2753 2315 2806 civitatem.
2356 2754 2430 2805 Et
2462 2752 2573 2805 alia
2608 2752 2707 2805 fiat
2742 2768 2915 2817 super
2949 2750 3090 2804 turri
3130 2748 3411 2803 Maraschi
3448 2749 3519 2801 si-

1899 2830 2126 2892 militer,
2162 2830 2431 2896 expensis
2466 2829 2801 2883 habentium
2828 2828 3015 2881 facere
3052 2828 3105 2880 in
3146 2826 3239 2879 illa
3263 2834 3522 2879 contrata

1899 2922 2085 2973 iisque
2120 2905 2192 2959 ad
2230 2906 2539 2960 civitatem.
2598 2906 2672 2958 Et
2724 2904 2864 2958 fiant
2906 2904 3231 2972 praedictae
3267 2902 3521 2968 guardae

1897 3000 1999 3049 per
2036 2992 2427 3050 superstantes
2462 2998 2563 3035 seu
2600 2982 2873 3036 officiales
2914 2996 3087 3048 super
3122 2978 3521 3047 suprascriptis

1897 3060 2193 3113 laboreriis
2236 3060 2622 3127 deputandOS,
2678 3059 2773 3112 illo
2828 3058 3005 3111 modo
3040 3067 3097 3111 et
3132 3058 3314 3110 forma
3350 3063 3521 3121 prout

1897 3136 2253 3202 sapientibus
2288 3152 2462 3202 super
2515 3136 2625 3189 hoc
2678 3134 3024 3201 deputandis
3066 3133 3351 3186 videbitur
3387 3148 3519 3185 con-

1899 3230 2114 3267 venire.

163 3320 258 3356 sua
294 3305 512 3357 vicinia
567 3304 842 3370 puniatur
879 3303 934 3356 in
973 3304 1234 3370 quinque
1269 3303 1448 3356 soldis
1483 3304 1622 3369 imp.
1661 3312 1720 3356 et
1753 3303 1799 3355 si

165 3390 315 3433 extra
353 3398 528 3435 suam
569 3382 861 3442 viciniam,
901 3380 958 3433 in
993 3380 1200 3433 decem
1231 3381 1412 3433 soldis
1449 3381 1587 3447 imp.
1630 3381 1694 3431 In
1721 3379 1799 3432 so-

167 3458 427 3511 rensibus
467 3466 668 3511 autem
721 3473 908 3523 penae
963 3456 1348 3523 duplicentur,
1395 3456 1516 3509 sive
1552 3472 1684 3509 cum
1721 3457 1802 3509 lu-

169 3535 312 3587 mine
348 3536 480 3588 sive
515 3536 642 3587 sine
677 3534 898 3587 lumine
933 3535 1142 3600 reperti
1181 3534 1388 3586 fuerint
1427 3534 1506 3586 ire
1541 3532 1616 3585 de
1635 3542 1803 3586 nocte
1850 3597 1853 3606 ,

167 3628 261 3676 per
275 3612 580 3665 civitatem
609 3620 668 3663 et
693 3611 972 3664 suburbia
993 3612 1338 3671 Cremonae,
1359 3626 1466 3663 nec
1488 3610 1722 3663 relaxari
1740 3612 1802 3677 (Ξ)
1849 3619 1854 3642 ‘
2463 3668 2474 3678 ,
2589 3667 2599 3677 ,
2745 3667 2755 3677 ,
2846 3666 2857 3677 .
2924 3666 2935 3677 ,

167 3704 478 3755 quousque
515 3688 670 3742 dicta
706 3689 899 3741 banna
933 3688 1210 3740 solverim
1239 3688 1294 3739 i„
1323 3686 1566 3753 pecunia
1601 3702 1801 3739 nume-
1970 3670 2115 3722 Item
2150 3668 2361 3721 eodeni
2401 3666 2705 3721 milleSimo
2743 3667 3055 3719 indictione
3088 3674 3149 3719 et
3182 3680 3381 3718 mense
3412 3674 3523 3717 sta·-

169 3774 299 3818 rata.
341 3767 418 3819 Et
449 3765 561 3819 hoc
585 3774 866 3819 statutum
893 3765 965 3817 sit
993 3773 1260 3817 truncum
1285 3772 1342 3816 et
1379 3764 1662 3829 precisum
1689 3772 1799 3816 etc.
1849 3789 1854 3816 i
1897 3755 2088 3799 tutum
2126 3746 2547 3833 eROYdinatJlm
2602 3752 2708 3807 est»
2760 3742 2919 3810 (IUOd
2973 3758 3178 3795 omnes
3206 3750 3281 3830 ‘et
3314 3742 3521 3829 Sissg'lffli

1849 3819 1854 3866 Ι
1901 3823 2205 3875 tabernarii
2243 3838 2344 3875 seu
2398 3838 2593 3873 vinum
2649 3820 2967 3873 vendentes
3014 3821 3087 3873 ad
3144 3829 3429 3873 minutum
3467 3835 3522 3870 in

1849 3891 1854 3926 ³
1900 3899 2127 3952 civitate
2160 3908 2215 3952 et
2252 3898 2541 3953 suburbiis
2596 3899 2938 3959 Cremonae,
2976 3913 3091 3954 non
3130 3896 3349 3963 possint
3384 3910 3525 3949 coii—

1899 3974 2160 4029 demnari
2198 3992 2303 4042 pro
2338 3975 2532 4041 aliqua
2568 3973 2771 4026 bozola
2796 3974 2944 4027 male
2972 3981 3299 4028 mensurata
3332 3972 3441 4025 nisi
3464 3970 3523 4023 in

1901 4052 2079 4105 soldis
2116 4052 2313 4117 viginti
2353 4053 2579 4118 imper„
2620 4067 2735 4103 non
2763 4050 3126 4105 obstantibus
3150 4050 3273 4103 aliis
3298 4047 3524 4103 statutis

1901 4137 1958 4181 et
1995 4130 2417 4195 provisionibus
2456 4130 2509 4181 in
2554 4127 2902 4181 contrarium
2939 4136 3047 4181 etc.

1847 3420 1852 3482 Ι
2668 3403 2751 3453 23.

2091 3531 2186 3582 De
2210 3537 2359 3597 pena
2396 3528 2716 3582 tabernarii
2748 3532 2895 3581 male
2928 3528 3327 3581 mensurantiS.

947 3952 1030 3987 20.

173 4054 256 4103 De
290 4053 661 4119 inquisitione
699 4051 976 4117 facienda
1019 4058 1130 4117 per
1181 4050 1470 4103 dominum
1523 4051 1804 4104 vicarium

229 4134 284 4181 et
313 4129 678 4197 capitaneum
714 4134 889 4195 super
923 4129 1109 4181 armis
1151 4132 1208 4179 et
1237 4128 1490 4181 cientibus
1525 4129 1592 4180 de
1627 4131 1800 4180 nocte.
1849 4129 1853 4140 ’

1849 4201 1852 4224 1

235 4250 378 4301 Item
417 4247 636 4301 eodem
677 4246 984 4299 millesimo
1023 4246 1337 4300 indictione
1375 4257 1431 4300 et
1471 4264 1667 4299 mense
1694 4256 1802 4299 sta-

171 4335 350 4378 tutum
387 4334 458 4378 et
491 4324 822 4377 ordinatum
857 4333 966 4387 est,
1013 4324 1171 4391 quod
1211 4323 1430 4376 domini
1469 4323 1710 4375 vicarius
1745 4334 1802 4376 et

173 4404 507 4467 capitaneus
541 4410 878 4467 praesentes
913 4411 972 4455 et
1009 4402 1180 4454 futuri
1207 4410 1264 4453 et
1288 4417 1490 4454 eorum
1526 4410 1584 4454 et
1618 4400 1804 4453 ciiius-
1851 4391 1853 4426 ²

173 4480 300 4532 libet
333 4494 546 4531 eorum
601 4478 850 4531 familiae
900 4478 1124 4543 possint
1161 4478 1592 4544 inquisitionem
1629 4488 1686 4530 et
1725 4478 1803 4530 in-

175 4557 503 4609 ventionem
543 4555 730 4608 facere
765 4570 939 4620 super
967 4554 1132 4607 dictis
1157 4554 1330 4607 armis
1355 4564 1412 4607 et
1436 4554 1706 4607 euntibus
1730 4554 1804 4607 de

173 4644 332 4685 nocte
368 4642 432 4685 et
469 4648 776 4698 processus
830 4631 1018 4685 facere
1071 4642 1129 4684 et
1163 4631 1680 4683 condemnationes
1715 4648 1802 4683 se·
1852 4661 1854 4672 =

175 4710 426 4761 cundum
466 4708 712 4761 sormam
749 4706 1140 4774 predictorum
1179 4716 1545 4761 statutorum.
1589 4709 1660 4761 Et
1697 4708 1804 4761 hoc

175 4796 448 4840 statutum
485 4785 558 4838 sit
613 4794 882 4837 truncum
936 4794 996 4837 et
1050 4784 1482 4849 derogatorium
1535 4785 1806 4837 omnibus

177 4864 290 4915 aliis
341 4862 574 4916 statutis
628 4871 686 4915 et
743 4861 1172 4927 provisionibus
1226 4861 1281 4913 in
1337 4860 1687 4914 contrarium
1727 4861 1804 4915 lo-

179 4940 504 5005 quentibuS.

953 5108 1038 5145 21.

497 5212 792 5280 Quomodo
827 5212 1054 5264 concedi
1087 5212 1246 5264 debet
1277 5212 1501 5263 licentia

547 5288 832 5357 portandi
861 5304 1030 5341 arma
1065 5286 1424 5353 deferas-ionis.

2674 4372 2756 4421 24.

1905 4503 1996 4553 l)e
2029 4501 2292 4553 electione
2324 4500 2705 4551 anzianorum
2737 4498 2793 4547 et
2824 4495 2974 4562 quod
3002 4496 3107 4547 hoc
3140 4497 3413 4547 statutum
3453 4496 3525 4545 le-

1963 4580 2147 4643 gatur
2188 4575 2245 4627 in
2290 4575 2535 4641 qualibet
2573 4574 2835 4625 electione
2876 4571 3255 4625 arianonorum
3295 4574 3353 4622 et
3382 4572 3531 4637 quod

1968 4656 2179 4705 statuta
2212 4652 2329 4705 sint
2362 4654 2565 4703 trunca
2598 4654 2656 4702 et
2666 4650 2915 4717 precisa.

1975 4792 2120 4843 lieni
2156 4788 2367 4842 eodem
2404 4788 2711 4841 millesimo
2749 4786 3061 4840 indictione
3096 4795 3155 4838 et
3191 4802 3391 4837 mense
3417 4795 3525 4840 sta-

1904 4876 2092 4921 tutum
2130 4876 2188 4919 et
2223 4866 2549 4919 ordinatum
2604 4874 2711 4926 est,
2770 4863 2929 4931 quod
2984 4862 3188 4915 electio
3223 4862 3525 4915 consulum

1905 4954 1962 4997 et
1995 4944 2366 4997 aiizianorum
2404 4942 2657 4995 debeant
2694 4941 2813 4993 fieri
2844 4940 2917 4993 ad
2942 4940 3049 4993 tria
3076 4938 3289 4999 brevia,
3316 4938 3390 4991 ad
3418 4939 3527 4991 hoc

1907 5030 1970 5073 ut
2005 5020 2271 5074 meliores
2322 5029 2381 5072 et
2436 5017 2873 5072 sufficientiores
2924 5016 3185 5069 consules
3220 5022 3279 5068 et
3312 5016 3525 5068 antiani

1906 5094 2244 5151 habeantur.
2286 5098 2358 5149 Et
2393 5095 2554 5163 quod
2589 5094 2797 5161 aliquis
2832 5110 2949 5147 non
2986 5092 3167 5160 possit
3186 5108 3291 5145 nec
3318 5092 3528 5145 debeat

1855 5201 1858 5216 =
1906 5174 2037 5240 eligi
2076 5174 2133 5226 in
2168 5172 2465 5227 consulem
2499 5172 2590 5225 vel
2626 5171 2923 5225 antianum
2949 5170 3165 5236 populi,
3200 5169 3307 5223 nisi
3342 5168 3415 5221 sit
3438 5168 3525 5220 vel

1854 5247 1860 5260 ’
1905 5268 2035 5304 esse
2070 5250 2415 5316 intelligatur
2458 5249 2532 5302 de
2584 5248 2737 5301 dicta
2788 5248 3082 5301 societate.
3138 5247 3212 5299 Et
3246 5245 3293 5297 si
3330 5252 3528 5297 contra

1905 5330 2119 5383 sactum
2156 5328 2345 5387 suerit,
2384 5327 2507 5394 ipsa
2543 5326 2747 5379 electio
2784 5324 2995 5379 nullius
3020 5324 3091 5377 sit
3128 5321 3425 5376 momenti.
3457 5323 3528 5374 Et

245 5417 392 5468 Item
425 5416 638 5469 eodem
677 5413 986 5467 millesimo
1022 5412 1334 5465 indictione
1371 5420 1429 5465 et
1465 5428 1664 5465 mense
1697 5421 1806 5463 sta-
1855 5439 1858 5476 Ι
1905 5405 2065 5474 quod
2101 5406 2433 5471 capitaneus
2480 5412 2743 5457 teneatur
2796 5418 2969 5468 super
3004 5399 3308 5466 praedictis
3346 5398 3529 5465 inqui-

187 5498 366 5546 tutum
402 5502 460 5547 et
494 5491 832 5547 ordinatum
865 5498 972 5555 est,
1010 5488 1170 5558 quod
1205 5488 1374 5543 alicui
1409 5504 1656 5557 persone
1689 5504 1806 5541 non
1854 5489 1860 5551 ζ
1904 5500 2031 5539 rere
2067 5492 2125 5537 et
2162 5481 2450 5550 praedicta
2486 5480 2809 5535 executioni
2854 5478 3147 5533 mandare.
3186 5478 3259 5529 Et
3292 5491 3530 5545 presens
