4050 6109
516 292 590 350 82
1525 301 1792 350 CODICE
1837 299 2351 350 D1PLOMAT1CO
2397 301 2853 349 CREMoNESE

514 568 638 629 195.
687 583 765 595 -ν
822 568 1000 621 1222,
1047 545 1492 629 1'1c71..9(scnza
1539 545 1741 626 data).
1787 546 1883 621 A,
1932 567 2075 627 357.

599 685 996 766 Episcopus
1057 684 1470 759 Placentiae,
1516 686 1735 748 abbas
1781 685 1851 747 S.
1898 686 2141 748 Savini

517 791 588 844 et
647 779 1092 861 praepositus
1169 779 1239 841 S.
1297 779 1732 860 Euphemiae
1793 779 2143 842 Laudensi

514 873 971 955 Pergamensi
1035 873 1420 936 Mantuano
1485 873 1915 936 Bononiensi
1981 875 2143 936 Par—
2200 943 2205 948 ⁶

521 967 742 1030 mensi
803 967 1090 1050 Regino
1151 967 1504 1047 episcopis
1558 978 1628 1030 et
1673 987 1912 1030 eorum
1960 968 2146 1048 capi-

519 1063 685 1125 tulis
729 1082 858 1124 nec
903 1081 1042 1123 non
1089 1059 1443 1123 Brixiensi
1489 1075 1560 1123 et
1611 1061 1994 1124 Mutinensi
2041 1083 2146 1124 ca-

519 1156 758 1238 pitulis
829 1154 1320 1236 praecipiendo
1387 1156 1756 1229 mandant,
1825 1155 2152 1236 quatinus

520 1250 900 1312 sententias
933 1248 1675 1312 excommunicationis
1700 1260 1768 1311 et
1798 1249 2151 1313 interdicti
2248 1280 2382 1340 bur

521 1345 590 1406 in
615 1363 981 1406 commune
1005 1341 1385 1406 Cremonae
1408 1342 1768 1424 publicent
1792 1352 1861 1405 et
1893 1341 2153 1406 faciant

522 1437 905 1520 publicare.

525 1627 648 1701 196.
696 1659 777 1668 —
823 1642 1000 1694 1222,
1048 1621 1248 1686 ium?
1292 1626 1513 1706 (senza
1560 1620 1760 1705 data).
1805 1621 1898 1697 A,
1951 1627 2092 1702 356.

610 1765 827 1826 Iidem
863 1784 990 1844 per
1012 1762 1378 1842 epistolam
1432 1759 1844 1824 denuntiant
1877 1761 2161 1843 Magde-

524 1857 860 1940 burgensi
877 1856 1230 1939 episcopO,
1248 1856 1490 1937 imper.
1507 1856 1706 1918 aulae
1724 1857 1980 1937 legatO,
1994 1876 2158 1937 qua·

527 1951 714 2015 tinus
747 1952 1248 2016 Cremonenses
1285 1951 1355 2011 in
1401 1947 1767 2030 colloquiis
1797 1959 1867 2010 et
1903 1948 1974 2010 in
2005 1947 2160 2010 aliis

530 2060 858 2128 tanquam
904 2042 1550 2108 excommunicatos
1598 2043 1816 2105 vitare
1846 2044 2117 2105 debeat.

533 2254 657 2315 197.
705 2273 788 2282 --
844 2255 1019 2307 1222,
1066 2232 1212 2295 iun.
1268 2252 1359 2309 13,
1399 2232 1489 2305 X,
1524 2230 1596 2294 in
1628 2229 1826 2292 choro
1856 2228 2163 2293 ecclcsiae

615 2330 686 2392 S.
758 2326 987 2391 Iacobz'
1045 2325 1218 2388 citra
1273 2329 1552 2409 pontem
1632 2322 1911 2387 Treivae
1978 2323 2163 2386 inter

609 2426 884 2506 pontem
935 2425 1003 2483 ct
1030 2418 1450 2483 Placentiam
1481 2418 1671 2481 sitae.
1705 2417 1797 2492 A,
1835 2438 1974 2496 302,
2016 2421 2160 2496 360.

624 2562 844 2624 Iidem
919 2558 1528 2622 excommunicant
1599 2565 2017 2638 potestatem
2092 2566 2161 2617 et
2205 2607 2209 2653 Ι

535 2655 970 2720 consiliarios
1015 2652 1395 2716 Cremonae
1441 2663 1510 2714 et
1538 2661 1757 2714 totam
1804 2649 2161 2712 civitatem
2206 2686 2211 2759 ἰ

2208 2786 2211 2841 Ι
2259 2756 2779 2838 possessionem
2826 2756 3223 2820 Guastallae
3268 2767 3339 2819 et
3382 2757 3767 2820 Luciariae.

536 2763 605 2812 et
650 2747 983 2811 suburbia
1024 2747 1396 2810 interdicto
1442 2754 1864 2826 supponunt.

533 2941 656 3013 198.
705 2973 786 2981 —
841 2955 1018 3006 1222,
1047 2933 1193 2996 iun.
1235 2956 1327 3012 14,
1375 2933 1466 3003 Χ,
1509 2931 1895 3003 Cremonae,
1941 2928 2016 2992 in
2039 2935 2161 3013 pa-
2210 2966 2215 3056 ἰ
2263 2999 2397 3060 20⁵·
2445 3016 2527 3024 —
2594 2999 2771 3056 1223,
2840 2977 2983 3041 ilm-
3044 2983 3103 3054 ὁ,
3162 2979 3291 3052 XI,
3356 2976 3430 3041 m
3502 2976 3886 3042 Guaslalla·

622 3027 782 3094 latio
828 3026 1134 3114 episcopi.
1179 3027 1245 3091 A
1247 3033 1318 3110 p.

621 3168 925 3231 Litterae
970 3165 1304 3247 episcopi,
1351 3163 1623 3226 abbatis
1677 3164 1746 3224 S.
1807 3161 2049 3224 Savini
2097 3171 2165 3222 et

538 3261 918 3343 praepositi
941 3261 1010 3320 S.
1033 3257 1463 3340 Euphemiae
1486 3254 1883 3318 Placentiae
1915 3254 2167 3315 dantur
2214 3258 2218 3327 i

551 3357 968 3418 Homobono
1029 3353 1364 3433 episcopo
1409 3362 1478 3412 et
1535 3350 1841 3430 capitulo
1907 3367 2166 3410 cremo-

540 3450 758 3520 nensi,
790 3446 1300 3529 praecipientes
1333 3455 1408 3506 ut
1445 3444 1859 3506 sententiam
1890 3460 2168 3503 excom-

541 3541 1028 3607 municationis

539 3637 796 3700 faciant
841 3637 1236 3698 observare.

493 3915 500 3921 ‚
541 3863 670 3924 199.
718 3881 798 3890 —
851 3861 1027 3919 1223,
1057 3838 1304 3904 mart?
1340 3842 1561 3922 (senza
1590 3835 1792 3920 data).
1819 3834 1959 3919 Ap.
1989 3835 2171 3898 13011-

628 3957 792 4010 11101,
838 3943 938 4021 op.
985 3933 1112 4008 cit„
1143 3939 1299 4014 781.

628 4071 1023 4136 Fridericus
1076 4069 1144 4133 II
1187 4066 1527 4151 praecipit
1585 4063 1823 4129 abbati
1869 4066 1939 4126 S.
1986 4062 2169 4126 Sixti

545 4167 868 4251 quatinus
900 4165 1151 4227 debeat
1181 4162 1660 4244 quaestionem
1693 4179 1924 4222 coram
1955 4158 2169 4240 impe-

545 4261 697 4326 riali
745 4260 937 4324 curia
979 4275 1393 4342 proponere.

547 4483 683 4526 200.
726 4496 810 4507 —
862 4479 1038 4536 1223,
1086 4455 1241 4520 mai.
1289 4477 1393 4536 17,
1442 4451 1504 4515 d.
1551 4450 1903 4526 Laterani,
1971 4472 2033 4513 a.
2090 4451 2170 4530 7⁰.

631 4555 724 4627 A,
771 4573 911 4633 353.
957 4551 1146 4624 Affo,
1178 4551 1355 4614 Stor.
1402 4545 1480 4610 di
1513 4544 1894 4621 Gzcastalla,
1925 4544 1982 4615 J,
2030 4549 2169 4622 362.

631 4691 834 4756 Bulla
856 4687 1150 4752 Honorii
1168 4688 1268 4749 III
1289 4688 1379 4749 ad
1399 4686 1825 4768 episcopum,
1846 4684 2169 4746 abbatem

551 4788 620 4850 S.
677 4785 919 4848 Savini
966 4792 1035 4845 et
1091 4781 1566 4863 praepositum
1614 4780 1682 4843 S.
1742 4776 2172 4859 Euphemiae

549 4878 962 4953 Placentiae,
997 4887 1073 4939 ut
1118 4877 1441 4938 abbatem
1472 4876 1540 4938 S.
1573 4872 1757 4936 Sixti
1793 4871 1864 4934 in
1899 4891 2172 4954 posses·

547 4977 812 5038 sionem
831 4971 1127 5035 curtium
1145 4968 1542 5032 Guastallac
1561 4979 1629 5030 et
1643 4965 2006 5029 Luciariae
2025 4985 2171 5027 cor-

549 5068 882 5152 poraliter
912 5065 1243 5127 inducant
1283 5073 1350 5124 et
1379 5062 1738 5124 inductum
1777 5059 2171 5122 defendant.

552 5277 676 5320 201.
725 5291 806 5300 —
861 5273 1038 5331 1223,
1087 5250 1174 5314 z‘a'.
1223 5248 1311 5312 id.
1357 5248 1449 5322 A,
1502 5268 1642 5328 352,
1691 5266 1832 5328 355.

635 5392 992 5458 Ηο11011115
1021 5391 1122 5454 III
1151 5399 1356 5472 rogat
1387 5399 1455 5453 et
1481 5399 1716 5452 monet
1763 5357 2171 5468 episcopum

1103 3551 1172 3602 et
1231 3537 1586 3601 interdicti
1659 3538 2036 3600 observent
2101 3546 2209 3596 et·

2240 547 2743 610 Cremonenses
2789 547 3056 610 devitet
3086 557 3156 610 et
3202 546 3411 609 faciat
3436 546 3769 617 devitare,
3802 558 3867 609 01

2239 642 2563 704 abbatem
2612 642 2681 703 S.
2738 641 2923 704 Sixti
2981 641 3053 703 in
3113 641 3632 722 possessionem
3682 641 3866 704 Gua-

2242 735 2485 796 stallae
2530 746 2601 797 et
2643 734 3005 797 Luciariae
3062 734 3345 798 inducat
3390 744 3460 798 et
3513 733 3869 797 inductum

2242 839 2540 891 tueatur.

2246 1068 2384 1112 202.
2429 1085 2512 1095 —
2566 1068 2743 1126 1223,
2790 1045 2878 1110 id.
2926 1047 3014 1110 id.
3060 1048 3384 1118 Bohmer,
3432 1053 3533 1131 op.
3562 1047 3687 1120 cit„
3730 1052 3874 1126 663.

2331 1184 2597 1247 Eadem
2621 1184 2812 1247 bulla
2842 1185 2930 1247 ad
2952 1184 3556 1266 archiepiscopum
3586 1185 3875 1266 Magde-

2385 1297 2692 1361 gensem,
2740 1278 3171 1360 imperialem
3216 1279 3549 1361 legatum.

2252 1517 2390 1578 203.
2434 1534 2518 1544 —
2568 1518 2747 1576 1223,
2794 1495 2939 1561 iem.
2986 1521 3045 1578 4.
3093 1498 3223 1573 XI,
3284 1498 3358 1562 in
3412 1518 3679 1562 camera
3742 1498 3874 1582 cpi-

2338 1590 2525 1676 scopi
2561 1591 2969 1655 Placentiae.
3016 1591 3111 1666 A,
3168 1597 3282 1655 126
3328 1613 3365 1654 e
3410 1612 3553 1673 247.

2340 1727 2666 1809 Delegati
2697 1748 2739 1791 a
2770 1727 3100 1808 pontifice
3148 1729 3582 1792 constituunt
3611 1729 3885 1792 Bonum

2258 1821 2344 1884 de
2389 1822 2651 1901 Campo
2696 1819 2976 1884 Miliazo
3027 1832 3549 1903 procuratorem
3594 1833 3667 1884 et
3714 1843 3883 1885 nun-

2260 1917 2442 1979 cium
2508 1937 2709 1980 suum
2778 1927 2847 1977 et
2920 1916 3363 1997 praecipiunt
3420 1914 3484 1978 ei
3552 1917 3885 1998 quatinus

2259 2012 2582 2074 abbatem
2628 2011 2699 2073 S.
2744 2008 2931 2072 sixti
2992 2009 3062 2072 in
3118 2010 3553 2091 corporalem
3607 2030 3885 2091 posses-

2259 2105 2527 2167 sionem
2571 2102 2971 2168 Guastallae
3014 2113 3085 2166 et
3125 2101 3491 2165 Luciariae
3536 2102 3847 2166 inducat.

2262 2359 2394 2417 204.
2442 2376 2521 2385 —
2577 2359 2755 2416 1223,
2816 2336 2904 2401 id.
2968 2337 3041 2400 in
3102 2336 3508 2401 monasterio
3564 2339 3636 2402 S.
3704 2338 3887 2402 Slxl:

2345 2431 2755 2496 Placentiae.
2802 2431 2896 2504 A,
2946 2451 3088 2510 232.

2345 2569 2595 2632 Abbas
2640 2570 2711 2631 S.
2756 2568 2939 2631 Sixti
2987 2568 3347 2631 constituit
3384 2567 3729 2632 Oberturn
3760 2568 3887 2630 fra-

2260 2674 2435 2726 trem
2482 2683 2683 2724 suum
2730 2673 3254 2743 procuratorem
3286 2663 3376 2725 ad
3420 2662 3890 2744 recipiendam

2348 3073 2443 3148 A,
2494 3092 2635 3152 233,
2686 3092 2826 3152 254,
2878 3093 3017 3150 322.

2350 3209 2589 3271 Bonus
2636 3208 2722 3270 de
2768 3207 3167 3271 Camiliacio
3206 3209 3323 3269 dat
3356 3228 3591 3271 veram
3628 3219 3704 3270 et
3752 3230 3894 3270 cor-

2266 3303 2578 3384 poralem
2610 3313 2920 3364 tenutam
2947 3315 3015 3363 et
3043 3301 3561 3383 possessionem
3592 3313 3663 3366 et
3697 3304 3895 3384 quasi

2215 3400 2219 3443 1
2268 3397 2531 3458 0110110
2574 3415 2699 3475 per
2744 3409 3018 3476 portam
3064 3395 3273 3458 castri
3304 3395 3731 3468 Guastallac,
3782 3417 3896 3457 no-

2216 3488 2220 3531 '
2270 3491 2452 3550 minc
2484 3490 2697 3550 totius
2729 3490 2941 3550 castri
2986 3500 3053 3550 et
3086 3488 3321 3561 curtis,
3355 3501 3424 3550 et
3470 3488 3779 3552 Obertus
3815 3491 3897 3550 d:

2217 3598 2221 3647 Ι
2270 3583 2463 3666 ligno
2509 3583 2819 3644 eiusdem
2864 3595 3107 3664 portae
3154 3583 3429 3664 accipit.

2271 3829 2405 3888 206.
2452 3861 2531 3870 -—-
2587 3844 2763 3902 1223,
2796 3823 2939 3887 iem.
2977 3843 3031 3902 7,
3058 3822 3191 3895 XI,
3216 3819 3599 3886 Luciariae.
3635 3821 3729 3896 A,
3758 3841 3895 3900 234.

2360 3938 2502 3998 255,
2551 3939 2691 3996 323·

2356 4058 2593 4118 Bonus
2625 4056 2743 4118 dat
2785 4054 3056 4117 Uberto
3092 4053 3609 4135 possessionem
3656 4052 3895 4115 Lucia-

2271 4153 2414 4213 riae
2480 4171 2607 4232 per
2672 4149 3138 4211 castellarium
3208 4147 3572 4210 Luciariae
3638 4159 3709 4210 01
3775 4168 3897 4229 per

2271 4265 2489 4325 cupos
2520 4243 2881 4306 cuiusdam
2906 4244 3154 4304 domus
3178 4242 3248 4304 in
3281 4243 3508 4323 burgo
3538 4240 3895 4304 Luciariae

2272 4351 2341 4402 et
2380 4359 2508 4419 per
2551 4338 2864 4401 braidam
2897 4357 3077 4419 quae
3107 4335 3499 4417 appellatur
3539 4336 3783 4397 braida
3812 4337 3895 4396 dc

2270 4434 2445 4504 lacu,
2493 4444 2562 4494 et
2605 4431 2908 4494 Obertus
2940 4431 3026 4493 de
3056 4441 3244 4494 terra
3290 4429 3660 4492 castellarii
3689 4429 3894 4511 burgi

2272 4538 2342 4592 et
2385 4528 2691 4610 braydae
2736 4525 3011 4608 accipit.

2273 4793 2412 4854 207.
2454 4810 2536 4818 —
2590 4790 2781 4849 1223,
2839 4773 3003 4855 post
3064 4789 3357 4832 mensem
3412 4765 3556 4831 iun.
3582 4767 3622 4830 ,θ’
3676 4771 3895 4852 (senza-

2358 4867 2560 4945 dala).
2606 4866 2671 4929 Α
2672 4871 2745 4949 p

2356 5004 2611 5068 Petitio
2656 4999 2983 5066 Gandulfi
3031 5001 3139 5082 (ad
3194 4999 3530 5062 vicarium
3576 4997 3889 5080 imperia-

2273 5101 2409 5162 lem
2434 5101 2484 5178 ?)
2539 5096 2867 5181 quatinus
2938 5114 3014 5156 se
3077 5093 3439 5157 inductum
3493 5091 3565 5154 in
3622 5111 3889 5172 posses-

2274 5195 2538 5256 sionem
2584 5190 2983 5254 Guastallae
3040 5199 3109 5250 et
3160 5185 3523 5250 Luciariae
3570 5185 3890 5248 defendat

2272 5308 2399 5369 per
2428 5285 2937 5367 imperatorem,
2968 5291 3038 5344 et
3070 5301 3195 5363 per
3218 5281 3539 5344 eumdem
3572 5278 3887 5359 compelli

2274 5381 2482 5444 faciat
2534 5379 3039 5442 Cremonenses
3099 5395 3187 5438 ne
3254 5371 3747 5436 monasterium
3806 5373 3887 5432 dc

550 5489 1020 5560 tridentinum,
1046 5483 1474 5568 imperialem
1497 5484 1826 5566 legatum,
1846 5479 2174 5562 quatinus
2277 5475 2633 5559 praedicta
2673 5472 3118 5556 possessione
3163 5468 3571 5552 inquietent.
