4050 6109
1543 305 1809 355 CODICE
1853 300 2371 354 DIPLOMATICO
2416 305 2873 355 CREMONESE

1436 431 1475 435 --
1520 431 1749 436 -—-—-—
1780 430 1864 435 -—
1908 427 2598 436 ——-—-——————-———-——
2633 431 3012 438 ffl—*-
3037 432 3304 438 -..—-——

546 550 759 614 Anno
813 571 990 623 1212,
1036 556 1184 632 apr.
1245 571 1299 627 3,
1349 550 1519 624 XV,
1566 548 1640 610 in
1691 547 1955 632 palacio
1998 568 2169 610 novo
2266 551 2481 614 Amzo
2534 571 2688 631 1225
2736 555 2925 634 (1224
2970 552 3139 632 ina),
3188 575 3390 616 marc.
3442 576 3471 634 7
3502 604 3515 627 ,
3565 556 3766 627 XIII,
3815 556 3882 618 in

630 666 788 708 com.
823 645 1202 718 Cremonae,
1230 643 1302 706 in
1318 643 1520 727 pleno
1552 642 1876 706 conscilio.
1903 644 1997 706 N.
2024 647 2167 721 458.

628 783 963 847 Consules
1008 781 1492 864 Bellengerius
1556 783 1958 855 Mastalius,
2028 781 2166 842 Ri-

544 879 793 941 baldus
857 879 942 939 de
995 876 1264 958 BurgO,
1331 877 1628 958 Egidius
1689 878 2056 940 Benzonus
2102 885 2171 938 et

545 970 959 1035 Ravaninus
1006 970 1091 1031 de
1137 970 1444 1040 Bellotis‚
1491 971 1576 1032 de
1623 972 1980 1033 voluntate
2011 989 2168 1031 con-

545 1065 719 1136 silii,
785 1064 1048 1126 faciunt
1098 1064 1501 1146 Oprandum
1549 1065 1634 1126 de
1677 1064 2171 1144 Medhegnano

545 1171 614 1222 et
657 1159 1052 1223 conradum
1086 1159 1533 1221 Advocatum
1564 1168 2040 1239 superstantes
2084 1158 2169 1218 ad

547 1252 985 1316 venditiones
1052 1263 1120 1313 et
1187 1251 1637 1314 investituras
1688 1251 2039 1314 faciendas
2087 1251 2171 1312 de

544 1347 747 1410 terris
793 1345 1108 1408 comunis
1153 1346 1334 1407 ultra
1375 1346 1642 1407 Padum
1689 1356 1756 1407 et
1802 1346 1868 1407 in
1917 1344 2172 1426 glareis

547 1442 719 1504 Padi
765 1449 835 1502 et
879 1440 950 1501 in
986 1439 1206 1511 Mosa,
1253 1460 1432 1521 quae
1475 1439 1637 1501 olim
1671 1438 1799 1501 fuit
1829 1438 2173 1501 confinata

547 1535 635 1596 ad
669 1534 1129 1604 vendendum,
1163 1546 1231 1594 et
1254 1535 1324 1595 in
1358 1533 1620 1596 teraliis
1651 1543 1720 1594 et
1751 1533 1816 1593 in
1852 1531 2171 1594 domibus

547 1639 616 1690 et
653 1627 856 1690 terris
892 1627 1412 1690 Cremascorum
1445 1639 1513 1690 et
1550 1627 1619 1688 in
1660 1626 1812 1688 aliis
1852 1626 2045 1696 lociS,
2083 1626 2173 1686 ad

549 1731 814 1784 certum
831 1719 1067 1783 fictum
1087 1721 1440 1783 annuatim
1461 1721 1907 1782 reddendum.
1921 1719 2012 1780 Et
2029 1738 2171 1781 cor-

549 1815 793 1889 reriuS,
827 1815 1105 1876 nornine
1137 1814 1426 1884 consilii,
1455 1814 1632 1876 iurat
1664 1833 1903 1874 omnes
1941 1813 2172 1874 vendi-

545 1909 775 1972 tiones
793 1919 862 1971 et
879 1908 1328 1970 investituras
1347 1919 1531 1970 ratas
1549 1918 1617 1970 et
1635 1906 1864 1970 firmas
1884 1905 2172 1968 futuras,

631 2059 746 2123 Gli
792 2057 1050 2121 incanti
1099 2057 1530 2120 cominciano
1590 2057 1637 2119 il
1708 2077 1787 2135 30
1853 2057 2071 2138 aprile
2138 2077 2175 2119 e

544 2153 964 2216 continuano
1009 2151 1076 2213 in
1125 2151 1430 2233 maggiO.
1477 2150 1602 2212 Poi
1648 2150 2069 2233 riprendono
2105 2151 2175 2212 in

543 2255 812 2330 agosto,
859 2246 1252 2318 settembre,
1301 2247 1609 2317 ottobre,
1686 2245 2067 2307 novembre
2137 2264 2175 2306 e

549 2341 920 2403 dicembre.

633 2432 707 2496 Si
752 2432 1121 2496 nominano
1159 2433 1179 2494 i
1211 2432 1396 2496 soliti
1427 2433 1669 2515 luoghi
1703 2453 1740 2495 e
1771 2432 1946 2504 altri,
1979 2453 2175 2494 come

555 2529 623 2589 la
657 2526 896 2610 ghz'aia
941 2526 1018 2588 di
1055 2531 1258 2610 sopra
1303 2525 1374 2588 in
1423 2547 1632 2589 mezzo
1676 2526 1812 2589 alla
1856 2528 2076 2600 silom,
2109 2525 2176 2588 la

545 2620 784 2705 ghiaia
830 2619 940 2682 dec·
979 2619 1254 2692 Piorisi,
1303 2641 1443 2682 ece.

551 2793 767 2856 Anno
822 2798 997 2864 1216,
1045 2813 1199 2875 aug.
1257 2813 1347 2870 13,
1396 2793 1443 2854 J
1459 2793 1529 2862 V,
1577 2791 1648 2853 in
1699 2792 1962 2874 palacio
2007 2813 2176 2855 novo

636 2909 793 2949 com.
831 2887 1194 2950 Cremonae
1217 2885 1292 2947 in
1307 2885 1509 2968 pleno
1527 2885 1851 2948 conscilio.
1870 2887 1964 2948 N.
1994 2907 2174 2965 1074.

631 3025 879 3087 Comes
909 3023 1256 3086 Ilenricus
1286 3033 1616 3101 potestaS,
1650 3043 1993 3085 consensu
2025 3043 2179 3086 con-

551 3117 763 3189 scilii,
819 3127 1006 3179 creat
1067 3118 1558 3178 Ilomobonum
1628 3118 1713 3178 de
1779 3117 2041 3179 Bozaro
2110 3130 2179 3179 et

548 3213 927 3274 Iohannem
979 3211 1512 3274 Blanchasolam
1573 3221 2045 3293 superstantes
2091 3213 2178 3274 ad

551 3305 991 3372 venditiones
1055 3317 1122 3367 et
1184 3304 1631 3367 investituras
1699 3303 2051 3367 faciendas
2094 3307 2177 3366 de

548 3399 751 3462 terris
783 3400 965 3461 ultra
999 3399 1266 3460 Padum
1301 3408 1370 3460 et
1394 3399 1465 3459 in
1497 3397 1692 3461 Olzia
1715 3399 1888 3461 citra
1911 3398 2178 3460 Padum

551 3506 618 3555 et
663 3494 864 3564 ultra,
911 3503 980 3553 et
1025 3493 1094 3554 in
1141 3492 1396 3572 glareis
1441 3493 1613 3553 Padi
1661 3503 1729 3553 et
1773 3492 1842 3553 in
1885 3492 2179 3554 terraliis

549 3586 851 3648 civitatis
900 3597 970 3648 et
1014 3586 1082 3646 in
1144 3584 1464 3647 domibus
1523 3596 1591 3646 et
1645 3585 1846 3646 terris
1907 3585 2178 3646 Crema-

549 3698 823 3742 scorum
856 3693 925 3740 et
957 3679 1026 3741 in
1059 3679 1275 3749 Mosa,
1317 3679 1480 3739 olim
1513 3677 1862 3740 confinata
1892 3679 1981 3740 ad
2013 3699 2176 3740 ven-

551 3774 873 3844 dendum,
906 3785 975 3834 et
1006 3772 1074 3833 in
1105 3771 1257 3833 aliis
1288 3771 1479 3842 loci5‚
1519 3773 1608 3832 ad
1639 3782 1909 3836 certum
1942 3771 2177 3834 fictum

547 3886 850 3929 annuum
880 3867 1330 3937 reddendum,
1365 3876 1435 3927 et
1457 3867 1544 3926 ad
1585 3865 2075 3946 inquirendum
2110 3877 2179 3928 et

550 3961 948 4023 circandum
1022 3959 1336 4021 homines
1408 3959 1528 4040 qui
1593 3979 1732 4021 non
1806 3960 2182 4023 solvissent

551 4053 786 4116 fictum
831 4065 1169 4115 terrarum
1217 4063 1284 4114 et
1328 4055 1688 4126 bonorum,
1737 4073 1914 4134 quae
1945 4064 2184 4117 tenent

552 4170 592 4208 a
640 4167 935 4209 comuni.

636 4299 748 4362 Gli
794 4299 1052 4362 incanti
1101 4299 1533 4362 cominciano
1579 4301 1686 4363 col
1736 4322 1768 4379 5
1817 4303 2094 4363 ottobre
2140 4323 2177 4363 e

555 4415 868 4474 seguono
915 4393 984 4454 in
1017 4395 1397 4455 novembre
1427 4414 1464 4454 e
1497 4394 1868 4457 dicembre.
1900 4395 1976 4459 Ci
2010 4416 2181 4458 sono

559 4503 736 4549 terre
783 4487 1212 4558 riscontrate,
1256 4488 1325 4548 in
1373 4487 1648 4568 seguito
1694 4489 2179 4563 all'inchiesta,

2342 644 2602 729 palatio
2646 667 2815 708 novo
2872 647 3255 712 Cremonae.
3307 649 3403 711 JV.
3459 669 3636 711 1122.

2351 781 2731 864 Frugerius
2776 784 2861 846 de
2905 783 3302 848 Gariboldis
3342 797 3411 849 et
3442 787 3767 850 Andreas
3804 790 3887 851 de

2269 876 2865 939 Hermenzonibus
2910 879 3222 941 massarii
3265 880 3431 942 dant
3463 881 3554 943 A.
3586 882 3887 944 Seclario

2270 993 2307 1048 4
2352 971 2651 1051 perticas
2695 981 2917 1033 terrae
2960 972 3032 1033 in
3076 972 3311 1043 Mosa.
3380 994 3507 1055 pro
3574 974 3889 1038 faciendo

2270 1074 2338 1126 et
2380 1065 2681 1126 tenendo
2725 1062 3073 1127 fornacem
3122 1089 3156 1128 «
3190 1069 3568 1130 secundum
3600 1071 3787 1150 quod
3824 1069 3892 1130 in

2270 1169 2531 1219 statuto
2591 1158 2902 1220 comunis
2966 1159 3301 1223 Cremone
3370 1163 3763 1225 continetur
3828 1175 3893 1224 et

2270 1251 2532 1313 cridata
2576 1272 2701 1333 per
2745 1253 2983 1315 decem
3025 1263 3093 1316 et
3124 1263 3283 1316 octo
3316 1255 3463 1317 dies
3495 1267 3563 1319 et
3599 1258 3760 1338 plus
3793 1277 3891 1318 se-

2270 1345 2571 1408 cundum
2618 1346 2806 1427 quod
2836 1347 2907 1408 in
2938 1348 3413 1429 suprascripto
3446 1359 3708 1412 statuto
3742 1371 3895 1414 con-

2269 1439 2619 1502 tinebatur
2670 1461 2703 1500 2>
2761 1460 2981 1522 prope
3025 1439 3375 1504 fornacem
3431 1442 3762 1506 Comunis
3822 1455 3889 1507 et

2271 1533 2493 1613 ripam
2534 1532 2725 1604 Padi,
2776 1533 3114 1596 solvendo
3158 1535 3513 1598 annuatim
3568 1557 3635 1598 12
3688 1539 3891 1600 dena-

2272 1626 2431 1699 riOS,
2477 1627 2703 1707 pretio
2763 1634 2841 1706 48
2889 1628 3059 1690 sold.
3107 1628 3350 1710 imper.
3395 1649 3524 1711 pro
3569 1631 3859 1713 pertica.

2272 1910 2485 1973 Anno
2540 1931 2648 1972 122
2660 1929 2715 1990 5,
2762 1916 2907 1994 apr.
2958 1932 3053 1990 27,
3090 1911 3293 1986 XIII,
3328 1911 3400 1975 in
3435 1913 3697 1996 palatio
3731 1936 3896 1978 novo

2370 2004 2751 2067 Cremonae.
2799 2005 2894 2066 JV.
2950 2025 3129 2082 1123.

2359 2159 2679 2223 Mas‘sarii
2740 2161 3055 2222 comunis
3118 2162 3281 2223 dant
3348 2161 3749 2226 Ambroxio
3817 2165 3897 2225 de

2274 2254 2503 2316 Panza
2548 2277 2585 2331 4
2629 2253 2930 2334 perticas
2975 2266 3201 2316 terr-ae
3260 2255 3329 2316 in
3387 2257 3588 2318 Mosa
3646 2259 3737 2319 ad
3798 2256 3900 2319 fa·

2274 2347 2595 2409 ciendum
2642 2359 2711 2409 et
2756 2349 3129 2410 tenendum
3174 2347 3271 2409 ibi
3316 2348 3669 2411 fornacem
3722 2373 3756 2410 (τ
3804 2371 3897 2411 se-

2275 2442 2577 2503 cundum
2645 2442 2835 2523 quod
2894 2443 2963 2502 in
3031 2453 3293 2504 statuto
3361 2444 3680 2505 comunis
3748 2443 3898 2505 Cre-

2274 2555 2479 2597 mone
2524 2535 2917 2598 continetur
2960 2546 3029 2596 et
3074 2534 3203 2598 fuit
3239 2536 3502 2598 cridata
3551 2555 3678 2618 per
3730 2537 3901 2599 duos

2275 2648 2551 2690 menses
2596 2640 2664 2691 et
2707 2630 2865 2710 plus
2913 2649 2945 2689 »
2994 2649 3212 2710 prope
3256 2630 3427 2692 alias
3474 2628 3795 2694 fornaces
3840 2643 3903 2692 et

2274 2721 2494 2803 ripam
2519 2722 2710 2790 Padi.
2738 2722 2963 2802 pretio
2990 2729 3026 2784 8
3058 2722 3210 2784 libr.
3242 2723 3504 2804 imper„
3542 2725 3627 2785 ad
3664 2723 3899 2786 fictum

2276 2834 2578 2877 annuum
2626 2815 3055 2878 reddendum
3110 2833 3177 2877 12
3228 2816 3460 2879 denar.

2277 3106 2490 3169 Anno
2537 3126 2712 3185 1225,
2752 3105 2925 3168 mad.
2964 3127 3061 3186 27,
3096 3107 3301 3178 XIII,
3334 3105 3406 3168 in
3444 3105 3707 3188 palatio
3741 3129 3901 3170 novo

2372 3200 2752 3272 Cremonae,
2800 3199 2871 3262 in
2908 3199 3112 3284 pleno
3157 3199 3483 3262 conscilia
3532 3201 3625 3262 N.
3684 3223 3706 3262 1
3732 3207 3863 3280 189.

2361 3355 2541 3419 Ossa
2584 3357 2671 3417 de
2716 3355 2996 3417 Caneva
3039 3375 3224 3417 nova
3262 3367 3590 3436 potestaS‚
3625 3356 3903 3417 nomine

2278 3469 2557 3531 quoque
2604 3448 2894 3511 Ribaldi
2940 3449 3147 3510 Canis
3192 3449 3579 3529 potestatis.
3628 3460 3701 3511 et
3750 3469 3904 3510 con-

2278 3544 2503 3604 silium
2552 3541 2812 3604 faciunt
2859 3543 3251 3604 Bundaium
3288 3544 3375 3604 de
3404 3543 3905 3606 Hermenzonis

2278 3649 2345 3698 et
2390 3637 2859 3698 Lumbardum
2926 3637 3349 3717 Calcagnum
3420 3649 3905 3717 procuratores

2279 3732 2368 3792 ad
2434 3729 2923 3810 inquirendum
2991 3742 3060 3791 et
3126 3730 3620 3792 inveniendum
3688 3742 3905 3792 terras

2280 3825 2594 3886 comunis
2642 3825 2979 3896 venditasn
3029 3826 3113 3885 de
3160 3823 3415 3904 quibus
3460 3844 3599 3885 non
3634 3823 3769 3886 fuit
3806 3846 3905 3886 so-

2279 3919 2499 3980 lutum
2544 3915 2801 3990 fictum,
2857 3929 2925 3979 et
2994 3919 3080 3979 ad
3149 3918 3437 3997 duplum
3510 3917 3903 3985 exiendum.

2280 4023 2347 4074 et
2393 4013 2479 4073 ad
2526 4011 3015 4092 inquirendum
3070 4023 3137 4073 et
3208 4013 3617 4074 cridandum
3687 4022 3904 4074 terras

2280 4106 2585 4167 nondum
2633 4105 2953 4168 venditas
2997 4105 3174 4167 citra
3239 4107 3503 4168 Padum
3571 4116 3639 4168 et
3709 4107 3903 4178 ultra,

2281 4200 2430 4262 sive
2454 4219 2579 4279 per
2605 4199 3090 4270 saximentum,
3122 4198 3271 4261 sive
3295 4219 3421 4280 per
3450 4199 3905 4281 superprisaS.

2281 4305 2348 4356 et
2394 4294 2484 4356 ad
2528 4294 2979 4356 dividendum
3029 4314 3069 4355 a
3113 4293 3341 4355 diviso
3388 4304 3457 4356 et
3500 4295 3588 4356 ad
3633 4293 3907 4356 investi-

2282 4399 2505 4451 turam
2550 4387 2934 4450 faciendam
2972 4389 3057 4449 de
3102 4388 3223 4462 eis,
3256 4388 3348 4449 ad
3376 4400 3639 4450 certum
3671 4386 3903 4450 fictum

2279 4501 2602 4556 annuum,
2650 4503 2689 4542 a
2736 4481 2959 4543 tribus
3004 4480 3290 4562 perticis
3336 4480 3515 4544 infra
3543 4481 3727 4545 iusto
3759 4501 3903 4562 pre-

556 4581 898 4662 maggiori
947 4583 1056 4643 del
1095 4581 1318 4661 primo
1353 4591 1736 4643 strumento
1776 4583 1842 4643 di
1878 4584 2180 4644 vendita.
2227 4623 2233 4679 t
2279 4575 2396 4649 tio,
2442 4596 2483 4637 a
2528 4575 2750 4638 tribus
2797 4575 3081 4657 perticis
3128 4595 3341 4658 supra
3384 4576 3543 4655 plus
3589 4576 3757 4638 dare
3790 4595 3902 4637 vo-

2280 4670 2615 4744 lentibus;
2664 4680 2732 4731 et
2778 4668 2984 4731 simili
3033 4670 3240 4732 modo
3286 4671 3371 4731 ad
3418 4669 3902 4751 inquirendum

2279 4773 2347 4826 et
2393 4763 2846 4825 dividendum
2891 4784 2931 4825 a
2977 4763 3204 4826 diviso
3236 4774 3305 4825 et
3340 4765 3429 4825 ad
3466 4764 3902 4825 vendendum

639 4889 1128 4967 Superstantes
1195 4888 1508 4949 comunis
1575 4889 1662 4950 ad
1734 4901 1951 4950 terras
2020 4907 2180 4950 ven·
2228 4910 2232 4997 y
2280 4857 2550 4939 glareas
2602 4878 2634 4917 ‘
2682 4857 2999 4962 exceptis
3066 4859 3152 4919 de
3220 4857 3478 4962 glareis
3547 4877 3682 4963 que
3746 4868 3902 4919 sunt

554 4981 812 5042 dendas
862 4979 1271 5042 confirmant
1315 4981 1796 5044 investituram
1841 4981 2095 5045 factam
2142 5004 2183 5045 a
2228 5014 2232 5045 ι
2279 4971 2405 5032 per
2448 4951 2751 5060 ¹¹¹,edssmm
2798 4961 3151 5055 0¹Y¹tatem
3198 4962 3379 5013 sumt
3424 4953 3615 5013 vada
3658 4952 3901 5013 bocam

556 5075 908 5136 massariis
955 5075 1269 5136 comunis
1301 5075 1371 5137 in
1403 5075 1785 5138 Ambrosio
1819 5078 1903 5138 de
1935 5077 2181 5152 Panza‚
2228 5062 2233 5141 1
2278 5043 2521 5150 ῑςῗὸῗῆῒι
2568 5048 2637 5106 b·
2685 5043 2925 5107 crums
2972 5065 3193 5150 usque
3240 5045 3329 5106 ad
3394 5047 3703 5127 glaream
3770 5063 3900 5125 que

557 5169 644 5230 de
690 5169 926 5230 tabula
969 5169 1057 5230 ad
1101 5167 1586 5232 cambiandum
1636 5190 1772 5251 que
1817 5180 1921 5232 est
1980 5191 2182 5234 secus
2228 5146 2233 5227 Ι
2282 5138 2534 5201 duntur
2576 5138 3096 5218 Εηιὸοὸῒὲ’ῺὲῑΡΟῙ11
3142 5161 3197 5201 »·

558 5262 818 5343 regiam
866 5263 1094 5324 scalae
1141 5263 1478 5324 ecclesiae
1523 5264 1802 5325 maioris
1857 5285 1897 5325 a
1949 5275 2183 5327 monte
2228 5292 2233 5347 Ι

555 5366 773 5436 parte,
821 5356 1056 5436 precio
1097 5376 1163 5416 12
1201 5356 1452 5426 denar..
1488 5359 1576 5419 ad
1609 5357 1845 5420 fictum
1879 5378 2182 5420 annuum
2230 5396 2235 5445 2

557 5450 986 5512 reddendum
1042 5469 1116 5511 10
1162 5450 1334 5512 sold.
1381 5450 1858 5532 imperialium.

556 4751 768 4813 Anno
825 4755 999 4824 1216,
1035 4750 1165 4811 dec.
1215 4769 1270 4828 5,
1329 4751 1400 4822 V,
1445 4750 1824 4813 Cremonae.
1862 4752 1953 4814 AV.
2003 4772 2179 4832 1¹09·
2227 4700 2232 4847 1

2367 5361 2561 5421 Dura
2633 5363 2699 5423 la
2775 5362 3058 5424 vendita
3124 5381 3249 5440 per
3294 5373 3469 5424 sette
3536 5361 3725 5434 mesi,
3794 5359 3905 5420 dal

2232 5486 2237 5538 ι
2284 5455 2551 5536 giugno
2595 5475 2637 5517 a
2680 5455 3049 5518 dicembre.
3096 5455 3285 5516 Sono
3344 5455 3554 5517 molte
3600 5456 3661 5516 le
3704 5472 3903 5534 pezze
