4050 6109
528 261 609 319 80
1527 271 1794 320 CODICE
1837 269 2358 320 DIPLOMATICO
2402 269 2859 318 CREMONESE

527 393 1103 414 -L-Q—ss———ss—--ss-——*-——':
1128 405 1137 408 -
1164 405 1287 410 -,-.-,...-
1320 405 1385 410 -—
1422 395 1561 410 ——2-...
1576 394 1719 410 -—--—

527 535 640 596 171.
687 553 766 563 -
822 537 999 590 1221,
1090 515 1177 581 id.
1267 515 1356 579 z'a'.

609 655 1140 738 Pandecampus
1184 665 1255 717 et
1299 655 1642 719 Rusticus
1678 656 1869 737 prior
1914 656 2000 718 de
2031 655 2154 718 Co-

525 750 869 813 lumbario
939 750 1503 831 interloquuntur
1568 761 1638 813 et
1699 750 2154 831 pronuntiant

525 864 665 908 non
712 863 868 910 esse
899 845 1200 928 amplius
1231 845 1666 908 redeundum
1695 846 1785 907 ad
1829 844 2151 908 arbitros,

525 1087 648 1148 172.
695 1103 779 1114 -
833 1089 1010 1141 1221,
1100 1066 1187 1130 id.
1278 1065 1368 1130 id.

609 1203 861 1280 Guid0,
909 1205 1410 1287 subdelegatus
1455 1207 1545 1268 ab
1603 1205 1858 1268 abbate
1904 1207 1975 1268 S.
2021 1205 2150 1267 Be-

525 1299 805 1372 nedicti,
862 1309 1292 1381 protestatur
1337 1299 1528 1382 quod
1575 1300 1858 1362 volebat
1903 1300 2151 1362 intelli-

527 1412 694 1474 gere
741 1393 1044 1455 rationes
1091 1392 1400 1456 omnium
1460 1402 1530 1456 et
1574 1394 1763 1475 quod
1806 1414 1934 1475 per
1977 1393 2152 1457 alios

528 1486 704 1548 duos
749 1485 980 1558 fiebat,
1028 1485 1240 1550 fiebat
1298 1499 1538 1548 contra
1593 1506 1790 1548 suam
1835 1488 2153 1550 volunta-

462 1625 469 1634 .
527 1591 688 1643 tem.
735 1581 932 1643 Tunc
978 1580 1287 1643 sindicus
1332 1579 1633 1662 porrigit
1677 1579 1990 1644 libellum
2035 1601 2151 1662 ap-

525 1673 925 1756 pellationis
973 1674 1339 1748 iudicibuS‚
1389 1695 1596 1755 quem
1662 1673 1894 1736 Guido
1961 1675 2152 1737 solus

525 1768 794 1850 recipit.
841 1767 1167 1830 Sindicus
1212 1769 1518 1851 appellat
1563 1769 1655 1830 ad
1705 1769 1942 1832 sedem
1988 1789 2151 1850 apo-

529 1861 842 1926 stolicam
890 1863 1002 1926 vel
1049 1863 1140 1926 ad
1183 1863 1696 1944 imperatorem.

527 2124 650 2184 173.
696 2141 777 2150 --
838 2126 1011 2180 1221,
1061 2125 1210 2169 nov.
1246 2126 1302 2186 9,
1337 2106 1427 2180 X,
1467 2105 1853 2171 Cremonae.
1895 2105 1988 2179 Α,
2030 2127 2147 2188 217

612 2219 646 2262 e
690 2205 832 2262 aul.
1678 2197 1688 2207 '

611 2336 1072 2399 Homobonus
1109 2336 1482 2418 episcopus
1518 2346 1588 2399 et
1623 2356 1858 2405 eomes
1890 2357 2151 2400 cremo-

527 2430 762 2492 nensis
791 2430 1001 2494 mittit
1043 2431 1374 2493 nuncium
1408 2430 1527 2513 qui
1558 2431 2051 2512 Pandecampo
2083 2441 2153 2494 et

525 2524 827 2586 Rustico
859 2524 1220 2586 denuntiet
1257 2544 1345 2586 ne
1380 2535 1830 2605 praesumant
1860 2524 2151 2589 ulterius

522 2618 903 2699 procedere
933 2618 1004 2680 in
1047 2639 1259 2680 causa
1298 2637 1427 2681 nec
1465 2619 1700 2700 aliquo
1746 2620 1953 2681 modo
1995 2639 2149 2700 gra-

525 2731 690 2774 vare
736 2731 1102 2775 commune
1148 2711 1548 2786 Cremonae,
1611 2713 1778 2794 quia
1833 2723 2149 2794 potestas

524 2805 660 2867 iam
715 2806 996 2869 miserat
1049 2807 1380 2872 nuncium
1437 2808 1525 2870 ad
1587 2807 2149 2892 prosequendam

523 2900 1083 2983 appellationem.

521 3162 646 3223 174.
691 3180 775 3190 —
829 3164 1007 3219 1221,
1065 3164 1214 3207 nov.
1273 3165 1330 3223 9,
1381 3145 1508 3215 IX,
1581 3142 1923 3207 Allectz'nae.
2003 3141 2147 3228 Cfr.

605 3237 798 3312 Levi,
860 3236 1178 3321 Rogas-tri
1232 3237 1346 3301 dci
1404 3237 1602 3302 Card.
1669 3237 1952 3324 Ugolino
1986 3237 2147 3302 d'O-

604 3330 757 3404 sila,
805 3352 946 3395 ece.
1003 3336 1136 3404 116,
1193 3353 1330 3412 117.

605 3468 856 3531 Abbas
923 3468 994 3531 S.
1040 3468 1226 3530 Sixti
1274 3470 1394 3531 dat
1460 3468 1727 3531 litteras
1797 3469 2147 3551 Hugonis,

523 3561 947 3642 apostolicae
992 3563 1181 3624 sedis
1217 3562 1451 3645 legati,
1503 3563 1834 3626 Rolando
1881 3564 1968 3625 de
2011 3564 2150 3628 Go-

521 3655 723 3726 mola,
757 3655 1131 3719 mutinensi
1169 3655 1524 3730 canoniCO,
1559 3656 1813 3738 quibus
1845 3657 1909 3719 ei
1954 3677 2150 3738 prae-

525 3750 694 3831 cipit
741 3749 1067 3832 quatinus
1133 3749 1548 3813 Cremonam
1597 3751 1886 3814 accedat
1929 3764 1998 3814 et
2044 3751 2150 3814 lit-

522 3854 706 3906 teras
731 3863 904 3927 quas
929 3843 991 3907 ei
1014 3843 1423 3908 transmittit
1445 3855 1843 3925 praesentet
1872 3845 2151 3908 comuni

523 3937 928 4000 Cremonae.

606 4030 800 4094 Idem
845 4034 1062 4096 abbas
1109 4034 1225 4096 dat
1269 4033 1627 4114 praedicto
1659 4034 1990 4096 Rolando
2022 4035 2151 4096 has

521 4125 788 4188 litteras
831 4127 920 4207 (d.
989 4127 1447 4200 Nonantulae,
1517 4138 1652 4189 oct.
1724 4130 1824 4206 21)
1891 4127 2150 4208 quibus

523 4219 758 4301 Hug0‚
807 4220 1008 4282 iuxta
1073 4231 1387 4283 tenorem
1433 4221 1663 4283 bullae
1709 4221 2004 4283 Honorii
2051 4222 2151 4283 III

521 4323 846 4394 receptae
907 4314 994 4394 (d.
1063 4313 1410 4386 Laterani,
1483 4326 1657 4396 sept.
1715 4315 1816 4392 30)
1864 4316 2151 4377 mandat

519 4407 871 4488 potestati,
927 4406 1219 4470 consilio
1287 4418 1356 4469 et
1393 4407 1703 4470 comuni
1770 4408 2151 4470 Cremonae

523 4500 852 4582 quatinus
899 4521 1120 4582 usque
1166 4503 1254 4563 ad
1299 4501 1698 4582 proximum
1734 4501 1984 4564 festum
2018 4503 2150 4564 Pu-

525 4591 928 4656 rificationis
974 4595 1050 4656 B.
1077 4594 1342 4656 Mariae
1368 4597 1425 4677 (2
1455 4593 1794 4674 febbraio)
1838 4615 1964 4676 per
1993 4616 2150 4676 pro-

521 4698 878 4750 curatores
938 4689 1225 4750 idoneos
1273 4690 1363 4751 ad
1406 4687 1762 4770 pontificis
1825 4709 2150 4771 praesen-

522 4783 691 4844 tiam
736 4783 1089 4844 accedant.

523 5042 647 5104 175.
694 5062 775 5069 —
831 5044 1008 5098 1221,
1057 5044 1207 5087 nov.
1257 5029 1356 5101 26,
1406 5027 1534 5095 IX,
1592 5024 1980 5088 Cremonae.

610 5161 1056 5224 Rolandinus
1094 5163 1180 5224 de
1211 5161 1508 5225 Gomola
1547 5161 1915 5224 committit
1960 5162 2152 5224 vices

525 5276 687 5318 suas
733 5255 1047 5336 Spinello
1114 5255 1393 5319 Girardi
1439 5258 1526 5318 de
1572 5257 1873 5318 Farneto
1918 5256 2007 5318 ad
2054 5254 2150 5318 of-

523 5349 884 5414 ferendum
949 5350 1214 5412 litteras
1281 5351 1499 5433 legati
1567 5370 1894 5413 romanae
1963 5349 2151 5412 sedis

525 5443 855 5526 potestati
901 5443 1301 5506 Cremonae.

1684 405 1751 410 ..ἡ
1767 394 2469 410 r..-.:x:z-r.:—:-:-:r:.:.--=
2481 395 2578 410 -—---
2593 405 2614 410 -
2631 405 2646 410 -
2664 405 2736 409 —

2687 393 2746 398 ,,-,
2763 393 2816 398 ...-
2877 391 3102 397 -.--—-—
3115 391 3734 398 *m
3763 395 3848 400 ,-

2843 403 3084 408 —.---.-
3349 401 3490 408 —.-
3782 407 3792 410 ,

2249 521 2372 594 176.
2420 549 2505 562 -·
2556 535 2735 586 1221,
2763 511 2873 588 id„
2907 512 2981 576 in
3013 511 3203 576 domo
3238 511 3606 598 Alanfrca'i
3641 512 3717 576 de
3753 515 3857 578 Pi·

2326 609 2535 693 gnolo
2580 607 2655 672 in
2707 629 2842 693 qua
2896 611 3202 694 potestas
3246 605 3697 671 cremonensis
3740 630 3857 671 mo-

2336 708 2561 767 ratur.

2335 839 2689 922 Spinellus
2750 849 3225 920 repraesentat
3273 837 3587 902 Redulfo
3629 839 3861 904 Noxae

2248 934 2517 998 litteras
2564 934 2909 1017 IlugoniS.

2250 1142 2374 1201 177.
2420 1159 2503 1169 —
2556 1141 2733 1191 1221,
2786 1118 2917 1184 dec.
2964 1124 3187 1205 (senza
3232 1117 3434 1201 data).
3481 1118 3576 1194 Α,
3626 1125 3765 1200 358.

2334 1259 2637 1322 Litterae
2710 1257 3008 1321 ministri
3085 1256 3155 1319 S.
3222 1255 3588 1319 Benedicti
3662 1276 3867 1338 supra

2250 1355 2535 1426 Padum,
2583 1351 2836 1435 prioris
2904 1353 2991 1414 de
3048 1349 3494 1414 Columbario
3542 1360 3612 1413 et
3655 1349 3866 1413 archi-

2250 1447 2646 1530 presbyteri
2692 1445 3124 1516 mutinensis,
3174 1446 3264 1508 ad
3321 1445 3713 1507 Honorium
3758 1443 3870 1516 III,

2251 1542 2506 1624 quibus
2551 1543 2615 1604 ei
2654 1541 2975 1604 intimant
3007 1560 3189 1622 quae
3220 1558 3458 1602 coram
3486 1558 3561 1601 se
3593 1537 3870 1601 actitata

2249 1647 2410 1699 sunt
2453 1657 2495 1698 a
2539 1649 2855 1716 tempore
2901 1655 3041 1716 quo
3087 1633 3355 1695 iudices
3395 1632 3702 1715 delegati
3734 1631 3872 1694 fue-

2249 1742 2409 1793 runt
2455 1750 2676 1812 usque
2722 1729 2812 1791 ad
2856 1728 3041 1792 diem
3075 1747 3215 1810 qua
3242 1727 3517 1789 litterae
3564 1726 3871 1790 eiusdem

2249 1821 2600 1905 pontificis
2645 1842 2770 1903 per
2814 1822 3195 1903 Hugonem
3250 1820 3683 1883 hostiensem
3743 1819 3877 1900 epi-

2252 1937 2541 1999 scopum
2588 1915 3173 1980 Cremonensibus
3220 1923 3383 1977 sunt
3428 1915 3655 1977 datae.

2250 2113 2374 2187 178.
2420 2143 2503 2154 --
2558 2125 2667 2170 122
2685 2126 2706 2167 1
2760 2108 2984 2188 (senza
3028 2103 3188 2167 data
3203 2129 3233 2176 ,·
3280 2103 3379 2166 N.
3422 2101 3501 2166 di
3538 2101 3869 2167 Archivio

2337 2202 2501 2282 829)

2334 2339 2553 2402 Ratio
2599 2340 2685 2401 de
2729 2336 3047 2419 pecunia,
3094 2334 3362 2398 scilicet
3416 2335 3503 2396 de
3552 2354 3629 2413 33
3682 2333 3873 2396 libris

2248 2433 2797 2496 bononiensibus
2842 2431 3071 2494 minus
3118 2449 3153 2510 5
3202 2429 3439 2492 soldos
3468 2430 3651 2504 bon.,
3704 2449 3877 2510 quae

2250 2548 2562 2609 expensa
2605 2526 2735 2588 fuit
2780 2547 2821 2588 a
2864 2524 3437 2606 procuratoribus
3480 2523 3874 2585 communis

2250 2623 2629 2686 Cremonae
2673 2640 2856 2683 anno
2912 2640 3061 2681 1221
3115 2617 3486 2681 occasione
3530 2616 3677 2679 litis
3724 2636 3877 2679 cum

2249 2717 2502 2778 abbate
2546 2717 2617 2778 S.
2656 2713 2841 2777 sixti
2870 2714 2939 2776 in
2980 2712 3271 2778 victuris
3308 2730 3671 2792 equorum,
3712 2730 3879 2772 nun-

2249 2810 2394 2883 ciis,
2442 2809 2637 2884 cibis,
2681 2819 2811 2872 ete.

2248 3017 2372 3078 179.
2420 3033 2499 3044 —
2540 2991 2708 3058 '1222
2778 2997 2957 3077 (1221
3035 2993 3206 3073 ina),
3276 2991 3415 3056 ian.
3488 3013 3580 3072 17,
3650 2993 3748 3064 AY,
3806 2990 3875 3054 in

2324 3089 2585 3176 palatio
2642 3090 3024 3163 Cremonae,
3072 3087 3147 3152 in
3192 3084 3555 3150 credentia.
3605 3086 3707 3161 Α,
3758 3107 3867 3148 211

2334 3206 2369 3249 e
2412 3189 2552 3248 aul.

2337 3324 2556 3384 Sozus
2614 3321 2919 3385 Coionus
2991 3331 3305 3402 potestas
3374 3329 3444 3380 et
3508 3317 3879 3381 consilium

2250 3429 2611 3481 removent
2654 3416 2705 3478 I.
2753 3415 3193 3478 Scarcosium
3238 3433 3279 3476 a
3324 3412 3694 3475 sindicatu.

2250 3611 2374 3670 180.
2419 3641 2502 3652 -—-
2558 3624 2735 3676 1222,
2783 3602 2871 3666 id.
2933 3602 3042 3678 id„
3106 3601 3179 3664 in
3217 3599 3539 3686 generali
3577 3599 3880 3663 consilzo.

2336 3699 2430 3774 A,
2488 3703 2601 3778 196
2648 3719 2683 3761 c
2728 3701 2869 3760 aut.

2334 3839 2653 3900 Potestas
2684 3847 2752 3900 et
2783 3835 3149 3898 consilium
3180 3843 3421 3897 creant
3464 3835 3881 3916 magistrum

2250 3933 2623 3996 Nazarium
2669 3943 2739 3994 et
2783 3929 3197 3992 Albericum
3228 3927 3707 3990 Talamacium
3748 3927 3883 3990 sin-

2253 4028 2448 4089 dicos
2480 4026 2569 4087 ad
2600 4025 3044 4106 allegandum
3076 4033 3147 4086 et
3176 4023 3659 4084 excusandum
3698 4042 3883 4085 com-

2253 4140 2461 4183 mune
2487 4140 2719 4182 coram
2749 4137 2933 4202 papa
2958 4126 3201 4179 contra
3224 4117 3553 4180 abbatem
3578 4115 3651 4178 S.
3675 4115 3883 4179 Sixti.

2251 4333 2364 4391 181.
2412 4362 2495 4373 -
2550 4345 2726 4398 1222,
2751 4322 2898 4409 feb.
2934 4343 3026 4395 11,
3060 4319 3122 4384 d.
3147 4319 3501 4394 Laterani,
3535 4341 3597 4383 a.
3624 4318 3714 4383 6⁰.
3742 4319 3811 4384 Α
3812 4325 3884 4404 p.

2337 4461 2694 4524 Honorius
2740 4458 2840 4520 III
2885 4458 3165 4538 delegat
3224 4455 3493 4518 iudices
3554 4455 3883 4518 abbatem

2252 4557 2321 4618 S.
2340 4553 2689 4626 Iohannis,
2710 4552 3394 4633 archipresbyterum
3417 4569 3883 4630 parmensem,

2252 4660 2321 4712 et
2375 4650 2610 4730 Sym...
2681 4646 3093 4709 canonicum
3153 4644 3223 4707 S.
3291 4643 3647 4706 Brancatii
3712 4663 3883 4724 par-

2252 4742 2509 4805 mensis
2555 4739 2897 4803 dioecesis
2954 4740 3025 4800 in
3092 4757 3305 4800 causa
3370 4737 3551 4800 inter
3613 4738 3883 4800 Pande·

2252 4855 2573 4916 campum
2620 4845 2689 4896 et
2734 4853 3030 4896 comune
3077 4832 3482 4894 Cremonae.

2252 5029 2374 5087 182.
2422 5059 2503 5067 —
2558 5041 2711 5083 1222
2760 5023 2937 5102 (1221
2995 5019 3165 5100 ina),
3206 5023 3404 5082 mart.
3460 5038 3553 5098 15,
3588 5019 3678 5092 X,
3724 5018 3883 5082 Cre-

2338 5135 2595 5179 monae.

2338 5255 2659 5316 Potestas
2705 5265 2774 5315 et
2820 5251 3189 5314 consilium
3242 5251 3677 5314 constituunt
3718 5249 3883 5312 Bol-

2256 5347 2579 5410 dizonum
2626 5357 2696 5409 et
2738 5345 3235 5408 Ghirardinum
3288 5345 3675 5407 Manariam
3742 5345 3883 5406 sin-

2257 5441 2451 5503 dicos
2499 5441 2567 5503 in
2612 5441 2805 5504 curia
2847 5439 3200 5522 pontificis
3266 5440 3357 5501 ad
3422 5457 3715 5502 comune
3776 5457 3881 5500 re-
