4050 6109
1075 265 1245 322 L'ITE
1289 275 1444 323 PER
1486 273 2035 324 CASTE1.NUovo
2080 273 2320 330 1300οΑ
2366 249 2661 326 D⁵ADDA
3465 269 3544 342 93

1608 395 1675 400 q*
1690 392 1975 402 --.————--

1685 403 1981 412 -—-..——

202 537 367 580 vestra
401 526 672 580 maiestas
708 527 871 594 quod
895 543 1090 580 coram
1115 527 1280 580 vobis
1305 526 1352 580 si
1390 527 1605 580 nollem
1629 526 1812 580 eciam
1861 504 1866 533 Ι
1981 527 2196 580 Actum
2232 544 2387 580 anno
2424 527 2661 580 Domini
2700 528 3006 580 millesimo
3030 527 3432 582 ducentesimo
3466 529 3546 582 vi-

201 622 288 671 per
319 613 750 670 procuratorem
770 620 1108 670 comparere
1129 621 1245 657 non
1270 613 1492 668 teneor,
1527 613 1662 658 tunc
1679 603 1816 670 quia
1861 578 1866 625 Ι
1911 605 2137 669 gesimo
2173 621 2350 668 non0,
2380 604 2669 658 indicione
2695 606 2889 667 tercia,
2918 604 3014 658 die
3050 606 3277 659 veneris
3314 606 3413 672 qui
3440 605 3547 659 suit

198 682 392 734 licitum
416 681 516 734 suit
542 681 720 734 michi
748 699 810 735 re
835 691 892 735 et
916 682 1067 735 sacto
1093 681 1449 734 domicilium
1487 680 1811 742 transferre,
1915 682 2101 746 primo
2138 683 2354 734 mensis
2392 682 2607 734 marcii.

197 775 447 824 precipue
479 766 766 812 ettacione
821 775 924 812 seu
974 769 1274 812 vocatlone
1313 766 1502 811 vestra
1538 773 1654 810 non
1691 773 1816 823 per·
1861 782 1868 845 1
1980 785 2022 847 ,1,
2062 785 2187 848 Ego
2214 783 2494 836 Gimrdus
2522 785 2877 851 pelliparius,
2905 785 3193 848 notarium
3222 785 3357 840 huic
3381 786 3531 840 inter

193 845 366 897 ‘'emo’
403 835 712 922 qu⁰d‚s¹¹it
765 836 942 889 etiam
979 845 1302 924 antequa&
1333 851 1437 887 VOS
1472 843 1678 887 essens
1705 849 1814 922 Ro·
1913 861 1992 912 sui
2027 869 2086 913 et
2122 871 2355 926 rogatus
2391 879 2425 913 a
2460 861 2616 914 dicto
2652 871 3024 927 procuratore
3063 864 3170 916 hec
3206 864 3283 916 ita
3320 863 3539 930 scripsi.

193 922 368 974 testaS,
405 929 690 979 quoniam
745 929 992 966 uxorem
1028 922 1087 965 et
1129 913 1402 966 familiam
1457 911 1720 966 transtuli
1757 927 1813 962 in
1861 930 1868 1029 Ι

194 999 326 1042 terra
359 989 588 1042 comitis
625 989 947 1056 Campanie
983 991 1148 1044 cuius
1183 989 1322 1042 civis
1349 1005 1498 1050 sum,
1537 989 1617 1040 ita
1653 987 1812 1054 quod

194 1066 513 1132 peregrinus
549 1084 684 1120 sum
714 1075 772 1120 et
792 1067 1035 1120 transiar
1071 1083 1445 1134 quocumque
1481 1065 1710 1128 vadam,
1739 1064 1811 1118 ibi
1862 1124 1867 1135 Ι
1915 1051 1998 1095 2¹·
2046 1069 2127 1078 —
2183 1054 2342 1138 123o
2398 1035 2585 1114 (1229
2630 1035 2811 1138 .²⁷²C')’.
2851 1038 3048 1139 mast·
3098 1039 3155 1110 6²
3204 1035 3336 1108 III,
3395 1035 3546 1099 ΕΓΒ·

193 1159 416 1194 manens
449 1144 498 1196 si
536 1161 632 1196 me
669 1144 938 1206 advocet,
985 1144 1059 1198 ad
1113 1145 1302 1210 ipsum
1358 1143 1548 1196 locum
1586 1158 1816 1207 semper
1861 1178 1866 1215 3
1998 1147 2253 1202 monae,
2304 1149 2377 1190 zn
2412 1127 2672 1210 palatlo
2698 1134 3004 1212 epzscopt.
3037 1128 3349 1212 vig-nati,
3394 1127 3545 1193 COd·

191 1236 506 1272 reversurus
560 1237 696 1273 cum
753 1221 1105 1287 peregrinari
1165 1221 1397 1282 desino;
1461 1236 1569 1272 nec
1621 1219 1814 1283 orrigo
1861 1272 1866 1285 ¹
1999 1219 2192 1302 I)l'pl.
2240 1221 2482 1296 Laud„
2528 1223 2624 1294 JJ,
2676 1243 2817 1300 302,

189 1297 347 1362 patris
383 1297 473 1349 vel
512 1314 648 1350 mea
683 1314 786 1350 seu
827 1299 1146 1365 precedens
1197 1297 1554 1350 domicilium
1597 1296 1816 1360 obligat
1861 1308 1866 1319 ⁴

189 1390 270 1424 me
305 1372 684 1428 iurisdictioni
737 1383 948 1438 vestre,
1005 1375 1178 1428 etiam
1215 1375 1259 1426 si
1305 1374 1450 1427 sorte
1487 1390 1674 1426 essem
1713 1389 1816 1438 pu-
1995 1357 2392 1439 Episcopus
2451 1358 2806 1422 laudensis
2862 1361 2932 1422 in
2990 1359 3313 1441 epistola,
3370 1381 3547 1443 quae

189 1450 332 1502 blicis
369 1451 714 1506 muneribus
750 1453 1064 1514 subiectuS‚
1105 1461 1241 1506 tunc
1267 1451 1448 1506 eciam
1475 1450 1610 1518 quia
1645 1464 1814 1502 cruce
1914 1447 2297 1515 Cremonae
2364 1454 2699 1534 episcopo
2767 1455 2969 1516 datur
2994 1503 3009 1528 ‚
3075 1455 3419 1535 praecipit
3484 1454 3547 1516 ei

186 1528 428 1592 signatus
465 1545 600 1582 sum
639 1547 706 1582 ac
743 1539 982 1596 propter
1017 1530 1128 1580 hoc
1164 1544 1296 1581 cum
1322 1528 1595 1580 omnibus
1620 1527 1813 1578 adme
1915 1546 2243 1626 quatinus
2289 1556 2709 1628 potestatem
2756 1556 2824 1608 et
2857 1546 3221 1610 consilium
3267 1559 3549 1611 moneat

185 1605 596 1668 pertinentibus
631 1606 706 1659 de
732 1607 859 1660 soro
884 1606 1128 1659 ecclesie
1153 1606 1354 1664 sactuS,
1383 1605 1654 1670 precipue
1684 1612 1814 1668 post
1862 1638 1864 1675 :
1914 1649 1990 1701 ut
2036 1641 2267 1704 “atim
2337 1645 2467 1704 Sub
2512 1662 2741 1723 poena
2786 1641 3527 1705 excommunicationis

1862 1685 1864 1694 ¹
2036 1688 2050 1700 “
2276 1691 2289 1716 9
3532 1691 3545 1716 9

183 1681 622 1745 appellationem
673 1700 850 1749 super
887 1683 995 1735 hiis
1033 1682 1430 1748 interpositam
1467 1699 1501 1733 a
1537 1680 1702 1732 vobis
1740 1679 1812 1730 ad
1861 1696 1864 1739 !
3246 1735 3260 1750 ¹
3464 1734 3477 1747 ,
3530 1734 3544 1746 ,

1913 1733 2231 1797 relaxent
2283 1746 2552 1816 patrem
2608 1743 2677 1796 et
2747 1733 3029 1796 fratrem
3076 1735 3167 1797 A.
3215 1735 3549 1797 Salvattcl

182 1757 364 1810 sedem
403 1760 792 1824 apostolicam
819 1769 876 1814 et
907 1758 1428 1825 metropolitanam,
1459 1767 1594 1810 tunc
1631 1758 1810 1809 eciam

182 1833 302 1899 quia
337 1851 598 1900 persona
635 1844 824 1889 vestra
859 1837 1034 1888 michi
1071 1836 1218 1888 facta
1253 1845 1340 1888 est
1375 1843 1642 1900 suspecta
1679 1850 1815 1898 pro—
1861 1760 1866 1928 i
1915 1847 2091 1906 quos
2166 1840 2504 1909 ceperunt
2570 1838 2639 1890 et
2706 1829 3174 1890 incarceratos
3237 1828 3549 1890 detinent

181 1921 292 1974 pter
327 1920 562 1964 motum
598 1913 778 1966 animi
834 1913 1010 1966 vestri
1065 1912 1324 1977 predicto
1369 1911 1546 1962 modo
1585 1911 1815 1962 hosten-
1861 1942 1864 1963 l
1915 1921 2276 1996 v1010nt013
2296 1933 2366 1984 et
2390 1923 2805 1986 Anselmum
2833 1943 2873 1984 a
2898 1921 3303 2004 gravamine
3334 1923 3547 1984 banni

180 2003 315 2040 sum.
354 1990 560 2054 Quare
598 1989 658 2042 in
695 1991 807 2043 hoc
843 2007 980 2044 casu
1019 1998 1174 2055 pet0‚
1222 1988 1546 2041 secundum
1601 1996 1814 2040 statuta
1861 1980 1866 2037 !
1991 2015 2041 2075 l>
2087 2037 2103 2051 ,
2200 2027 2226 2078 t

178 2065 408 2117 Concilii
449 2067 762 2130 generaliS,
786 2067 1032 2120 arbitros
1058 2067 1104 2118 si
1131 2083 1260 2118 sum
1297 2065 1652 2130 reputandus
1681 2064 1813 2116 sub·
1913 2035 1986 2075 rc
2016 2035 2091 2076 ω’
2109 2036 2193 2077 en
2232 2065 2244 2078 ⁸

177 2140 316 2193 ditus
351 2151 572 2205 vester,
612 2144 775 2210 quod
834 2160 949 2196 non
1004 2143 1200 2206 credo,
1255 2151 1393 2195 tunc
1447 2142 1626 2193 eciam
1677 2141 1812 2206 quia

176 2226 398 2283 propter
441 2237 739 2273 rumorem
798 2229 856 2274 et
910 2221 1222 2273 tumultum
1268 2219 1465 2285 populi
1514 2218 1674 2271 locus
1708 2218 1806 2270 sci-

173 2295 292 2347 licet
326 2296 539 2348 civitas
593 2299 886 2351 Cremone
940 2305 1028 2350 est
1079 2297 1250 2350 michi
1305 2313 1420 2348 non
1475 2304 1653 2358 tutus»,
1693 2311 1812 2361 quo
1860 2332 1865 2348 .

172 2371 426 2424 similiter
466 2389 604 2426 casu
661 2375 709 2427 si
761 2391 891 2426 sum
947 2373 1303 2440 reputandus
1357 2373 1622 2425 subditus
1677 2381 1812 2437 peto
1859 2353 1865 2435 l
1995 2399 2317 2480 Epistola
2375 2401 2466 2464 A·
2529 2401 2861 2464 salvati&
2930 2402 3135 2463 datm,
3192 2401 3545 2482 episcopo,

181 2449 340 2500 michi
367 2457 569 2502 tutum
598 2450 792 2503 locum
819 2450 1120 2514 assignari.
1148 2458 1285 2503 tunc
1311 2450 1493 2502 eciam
1519 2449 1655 2514 quia
1679 2465 1810 2501 cum
1859 2452 1862 2475 ¹
3124 2495 3135 2508 ,

1911 2514 2052 2576 qua
2098 2495 2183 2556 de
2228 2515 2414 2556 novo
2462 2495 2770 2576 appellat
2824 2495 2911 2557 ad
2956 2494 3545 2556 mediolanensem

175 2525 277 2576 iam
313 2527 514 2578 saltim
553 2544 659 2593 per
695 2528 1154 2594 appellacionem
1192 2535 1251 2579 et
1285 2527 1394 2580 alia
1430 2525 1706 2592 premissa
1731 2525 1813 2576 in-

171 2612 424 2655 tros-ersa
461 2604 538 2657 sit
590 2605 887 2670 possessio
941 2613 1148 2666 vestra,
1204 2603 1250 2656 si
1305 2620 1480 2670 quam
1533 2602 1813 2654 habuistis
1913 2587 2558 2670 archiepiscopum,
2641 2609 2854 2671 quum
2929 2587 3302 2670 episeopus
3374 2588 3547 2650 nolit

1913 2682 2249 2744 exhibere
2295 2682 2649 2745 iustitiam.

169 2678 580 2733 iurisdictionis
639 2682 695 2732 in
735 2698 848 2741 me,
889 2691 946 2734 et
983 2682 1130 2734 sacta
1167 2691 1254 2734 est
1291 2680 1402 2733 iam
1441 2697 1531 2732 res
1566 2679 1812 2742 litigiosa

168 2771 334 2820 super
371 2774 444 2809 ea
481 2758 636 2810 inter
687 2775 785 2810 me
822 2767 880 2811 et
934 2774 1056 2820 VOS,
1097 2766 1155 2810 et
1191 2757 1414 2810 delacta
1450 2764 1539 2809 est
1575 2756 1812 2822 querela
1861 2790 1866 2813 1

167 2833 234 2883 ad
270 2834 666 2899 superiorem,
706 2851 814 2888 nec
845 2851 949 2887 vos
973 2835 1200 2888 debetis
1225 2851 1353 2887 esse
1390 2834 1560 2886 iudex
1588 2834 1640 2886 in
1669 2833 1812 2898 ipsa,
1861 2822 1866 2881 ζ
1915 2855 2008 2913 23,
2043 2873 2123 2882 -..
2170 2856 2347 2913 1230,
2374 2840 2573 2899 mart·
2610 2857 2703 2908 12,
2729 2835 2790 2899 d·
2823 2833 3174 2907 Laterani,
3202 2856 3262 2898 a,
3292 2852 3376 2913 3⁰,
3402 2833 3541 2917 Ap

169 2919 296 2961 tunc
321 2911 516 2964 eciam
545 2912 684 2978 quia
709 2912 1180 2965 excomunicacio
1205 2913 1320 2965 lata
1339 2929 1370 2964 a
1397 2911 1636 2964 domino
1663 2913 1814 2975 Papa
1861 2892 1866 2985 Ι
2774 2972 2786 2984 .
2879 2972 2890 2984 ·
3054 2971 3066 2983 ,

168 2996 428 3051 tempore
465 2989 866 3042 coronationis
921 2989 1180 3040 Federici
1235 3005 1388 3041 nunc
1433 2987 1811 3052 imperatoriS,
1861 3000 1866 3009 ·
1999 2971 2385 3053 Gregorius
2425 2973 2535 3035 IX
2566 2982 2928 3035 constitnit
2958 2991 3366 3053 episcopum
3407 2972 3549 3052 pla-

169 3079 338 3127 quam
377 3065 798 3118 excomunicat
841 3082 1047 3118 omnes
1102 3065 1230 3118 illos
1282 3065 1380 3130 qui
1436 3063 1688 3116 iudicant
1724 3063 1814 3115 vel
1917 3067 2267 3128 centinum
2316 3066 2615 3129 iudicem
2662 3067 2731 3128 in
2764 3087 2975 3128 causa
3020 3065 3199 3126 inter
3245 3085 3545 3126 conven-

165 3151 394 3194 servant
431 3151 655 3194 statuta
709 3143 832 3194 sive
875 3141 1330 3196 consuetudines
1365 3141 1660 3193 civitatum
1699 3157 1814 3206 que
1862 3174 1866 3206 ,
1915 3171 2062 3221 tum
2119 3161 2189 3220 S·
2236 3160 2423 3222 Sixti
2471 3169 2539 3222 et
2608 3179 2975 3222 commune
3040 3157 3423 3222 Cremonae
3476 3167 3546 3220 et

168 3226 293 3269 sunt
330 3228 546 3271 contra
583 3219 908 3271 libertatem
947 3219 1389 3271 ecclesiasticam
1429 3226 1486 3269 et
1511 3218 1816 3268 canonicas
1913 3253 1959 3314 h
2082 3253 2093 3265 .
2710 3253 2722 3265 .
3094 3253 3105 3265 .

1963 3273 2227 3315 ommes
2294 3273 2764 3315 cremonensls
2809 3254 3247 3334 placentmae
3293 3262 3361 3314 et
3404 3253 3545 3313 lau-

167 3293 496 3355 sancione5‚
537 3312 656 3361 que
692 3305 752 3348 et
789 3312 935 3362 quas
971 3295 1217 3347 cassavit
1250 3294 1438 3346 dictus
1484 3294 1812 3358 imperator,
2095 3347 2107 3359 ,
2269 3347 2280 3359 ,
2724 3347 2735 3360 ‚
2946 3348 2957 3360 ,

165 3371 428 3424 fecerunt
463 3387 575 3424 vos
599 3381 658 3424 et
683 3380 873 3425 totum
897 3387 1210 3424 commune
1237 3387 1350 3422 non
1378 3370 1683 3434 legitimos,
1712 3386 1816 3434 pro
1915 3349 2149 3409 dssssSlS
2217 3349 2555 3409 lessCOSiS
2622 3368 2739 3428 qm
2822 3347 3133 3408 detment
3206 3354 3547 3426 occupata

165 3463 232 3498 eo
266 3448 436 3514 quod
477 3449 940 3502 consuetudines
964 3457 1022 3502 et
1043 3456 1256 3501 statuta
1281 3448 1498 3500 deuon
1524 3447 1816 3500 solvendis
1863 3470 1866 3479 ·
1913 3443 2099 3503 bona
2144 3442 2310 3504 dicti
2357 3441 2776 3503 monasterii.

164 3523 403 3578 decimis
442 3526 600 3579 intra
633 3527 862 3578 clausos
898 3525 1143 3579 civitatis
1173 3535 1230 3578 et
1257 3524 1330 3576 de
1368 3524 1556 3577 usuris
1591 3524 1816 3576 solven-

163 3601 248 3652 dis
284 3618 486 3668 usque
523 3603 602 3654 ad
632 3597 884 3655 'modum
922 3610 1200 3660 statutum
1233 3601 1472 3654 servatis
1496 3611 1552 3654 et
1588 3617 1815 3653 servare

161 3677 412 3732 iurastis,
457 3681 706 3745 Propter
743 3680 880 3732 istas
922 3680 1078 3732 enim
1117 3679 1367 3732 rationes
1403 3687 1460 3730 et
1495 3678 1635 3730 alias
1670 3695 1814 3743 quas

161 3755 536 3820 allegassent,
596 3756 642 3808 si
690 3757 882 3810 locum
920 3766 1110 3809 tutum
1149 3756 1320 3808 michi
1357 3755 1814 3818 assignavissetis

161 3840 215 3883 et
248 3849 576 3898 personam
633 3850 751 3886 non
795 3842 1124 3899 suspectam
1164 3833 1437 3886 haberem
1474 3849 1590 3898 que
1626 3833 1683 3883 in
1723 3849 1814 3884 ve-

159 3909 320 3962 ritate
357 3910 548 3962 michi
586 3920 866 3976 preesset,
905 3911 1037 3962 dico
1090 3926 1194 3976 per
1248 3924 1486 3975 presens
1535 3909 1812 3974 scriptum

161 4003 332 4038 manu
376 4004 520 4039 mea
556 3987 836 4052 scriptum
891 3997 948 4040 et
998 3988 1170 4041 etiam
1226 4003 1328 4052 per
1381 3995 1813 4051 procuratorem
1959 4014 1970 4027 ·
2143 4015 2187 4076 t·
2449 4025 2474 4075 t
2558 4025 2584 4076 t
2630 4024 2656 4075 t
2838 4024 2864 4076 t
3072 4012 3135 4074 -1-
3286 4015 3330 4074 d
3524 4051 3546 4060 -

159 4063 496 4127 predictum
533 4063 878 4129 specialiter·
898 4065 972 4117 ad
1010 4064 1119 4116 hoc
1173 4063 1448 4128 scriptum
1486 4062 1650 4114 vobis
1686 4080 1815 4128 por·
1913 4034 1974 4076 el
2002 4035 2139 4095 qua
2172 4033 2329 4075 mus
2353 4035 2445 4094 po
2480 4035 2553 4075 es
2588 4035 2628 4075 a
2659 4035 2769 4075 em
2795 4035 2832 4076 e
2894 4033 3089 4076 conSl
3120 4033 3261 4075 lum
3334 4033 3517 4075 enun

159 4140 476 4202 rigentium
515 4150 577 4193 et
615 4157 717 4206 per
773 4159 868 4194 me
923 4141 1376 4206 presentandum
1414 4140 1810 4200 constitutum,
1915 4109 2049 4170 Ciet
2095 4108 2737 4170 excommunicatos
2796 4128 2951 4170 esse
3011 4107 3144 4169 niSi
3202 4127 3425 4189 usque
3456 4109 3547 4170 ad

159 4219 359 4280 pocius
396 4235 478 4271 ex
516 4218 850 4272 civitalitate
885 4235 1062 4284 quam
1100 4235 1171 4270 ex
1207 4217 1406 4270 debito
1440 4216 1813 4269 subiectionis
1860 4190 1864 4247 Ι
1914 4216 2229 4284 quartam
2279 4203 2462 4263 diem
2506 4223 2549 4264 a
2582 4201 2983 4282 receptione
3014 4202 3398 4264 litterarum
3447 4222 3547 4262 re-

158 4310 246 4346 me
283 4311 405 4346 11011
449 4295 641 4348 teneri
691 4311 886 4348 coram
944 4295 1106 4347 vobis
1143 4310 1498 4359 comparere,
1540 4293 1812 4359 precipue
1859 4326 1864 4367 i
1911 4299 2150 4358 laxent
2196 4307 2463 4376 patrem
2514 4305 2582 4357 et
2628 4295 2907 4357 fratrem
2961 4296 3052 4356 A,
3101 4294 3432 4357 salvati&
3478 4308 3549 4357 et

159 4371 258 4423 hac
293 4373 396 4424 die
437 4373 706 4438 prefacto
743 4372 924 4424 modo
951 4381 1238 4433 vocatum,
1265 4380 1321 4424 et
1359 4371 1692 4422 innovando
1716 4387 1813 4436 ap·
1859 4376 1864 4427 i
1911 4392 2216 4451 bannum
2265 4401 2334 4452 et
2373 4387 2509 4452 alia
2553 4389 2963 4470 gravamina
3009 4400 3252 4450 contra
3298 4389 3549 4450 Angel-

159 4449 512 4511 pellationes
565 4448 855 4514 predictas
907 4449 982 4501 de
1037 4465 1190 4501 novo
1242 4448 1416 4501 etiam
1472 4447 1700 4512 appello
1736 4449 1811 4500 ad
2236 4505 2253 4520 γ
2488 4506 2499 4518 ⁰
2586 4483 2597 4494 .
2649 4483 2661 4495 .
2704 4483 2714 4494 .
2962 4482 2973 4494 .
3157 4481 3168 4494 .

157 4527 322 4578 sedes
361 4525 669 4592 predictas
721 4526 997 4592 ponendo
1035 4543 1126 4578 me
1181 4534 1239 4577 et
1295 4541 1424 4577 mea
1467 4524 1576 4576 sub
1625 4535 1813 4590 prote·
1912 4503 2100 4545 mum
2131 4504 2241 4545 rex
2258 4493 2465 4545 ocem:
2488 4532 2500 4556 ⁹
2534 4503 2667 4544 mSl
2700 4493 2927 4544 mrem
2960 4503 3027 4543 m
3062 4501 3327 4544 ammas
3360 4503 3544 4588 ‘fuas’

156 4605 342 4655 ctione
383 4603 686 4669 ipsarum;
744 4603 1062 4656 inhibendo
1116 4603 1289 4655 etiam
1345 4602 1509 4654 vobis
1561 4618 1633 4653 ne
1685 4618 1812 4666 pre-
1856 4624 1861 4677 Ξ
1911 4578 2101 4658 qUOd
2139 4578 2533 4658 allega-Vere
2567 4597 2809 4638 Verum
2840 4596 3014 4649 9558,
3049 4595 3123 4637 S&
3149 4577 3547 4656 praedictos

1856 4682 1860 4691 '
1911 4683 2155 4752 captos
2203 4671 2511 4732 detinere
2558 4680 2627 4732 et
2665 4671 2898 4732 banna
2944 4669 3361 4751 imposuisse
3406 4689 3545 4732 non

157 4680 342 4732 missis
399 4680 766 4745 contemptis
820 4688 878 4732 et
927 4679 1198 4745 precipue
1255 4679 1541 4731 mandatis
1585 4678 1810 4732 arbitris
1856 4714 1860 4725 ·

155 4773 264 4809 non
303 4758 470 4810 datis
507 4755 587 4809 ad
643 4755 1119 4822 cognoscendum
1173 4755 1247 4808 de
1300 4755 1580 4820 premissa
1637 4772 1810 4808 causa
1856 4746 1860 4770 '
1910 4765 2279 4826 occasione
2312 4784 2564 4826 causae
2597 4784 2717 4825 seu
2744 4763 3113 4844 patrocinii
3141 4765 3329 4844 quod
3361 4764 3543 4825 idem

155 4834 512 4899 suspicionis
546 4842 608 4886 et
643 4834 773 4885 loco
832 4841 957 4885 tuto
1010 4849 1126 4884 non
1180 4832 1352 4884 michi
1399 4832 1712 4897 assignate,
1753 4833 1809 4884 in
1909 4859 2292 4920 Anselmus
2330 4868 2640 4939 praestat
2672 4857 2741 4918 in
2775 4877 2986 4920 Ganga
3016 4859 3194 4919 inter
3218 4858 3544 4920 abbatem

153 4911 350 4977 aliquo
377 4919 594 4964 contra
621 4927 715 4962 me
744 4919 805 4962 ut
843 4917 1099 4962 vestrum
1137 4909 1435 4961 subditum
1461 4909 1806 4974 procedatiS,
1911 4915 1979 5013 S
2028 4952 2211 5014 sixti
2258 4963 2325 5013 et
2372 4971 2739 5014 Commune
2786 4907 3187 5013 Crgmonae·

153 4989 434 5054 precipue
489 4987 592 5039 lite
646 4985 940 5052 pendente
994 5002 1189 5038 coram
1242 4985 1480 5038 domino
1535 4987 1809 5051 episcopo

153 5065 422 5118 laudensi
465 5064 619 5116 inter
656 5079 752 5114 me
787 5071 845 5115 et
890 5061 1110 5115 dictum
1149 5078 1459 5114 commune
1497 5063 1806 5126 Cremone,

153 5143 238 5194 cui
275 5143 466 5194 etiam
523 5139 764 5206 speciali
814 5139 1034 5192 ratione
1089 5155 1205 5191 non
1259 5147 1461 5191 teneor
1515 5139 1570 5190 in
1614 5139 1809 5205 aliquo

153 5219 540 5284 respondere,
580 5217 800 5269 scilicet
837 5216 993 5282 prius
1037 5232 1214 5282 quam
1254 5215 1426 5268 michi
1481 5216 1809 5269 restituatur
1995 5219 2251 5261 WOHHC·

151 5297 452 5360 possessio
490 5303 648 5346 terre
695 5309 827 5344 mee
863 5309 981 5359 qua
1018 5309 1111 5345 me
1147 5291 1416 5358 spoliavit
1451 5292 1714 5345 faciendo
1753 5293 1807 5346 in
2037 5338 2039 5341 .
2640 5335 2652 5348 .

151 5375 269 5438 ipsa
309 5373 542 5426 fossata
579 5371 756 5423 roche
809 5369 993 5424 Castri
1047 5369 1180 5423 novi
1237 5368 1310 5422 de
1367 5370 1560 5423 Bucha
1595 5369 1809 5424 Addue
1994 5337 2475 5410 Homobonus,
2544 5353 2919 5417 ePlSCOPus
2986 5334 3387 5408 Cremonae,
3445 5354 3544 5395 ΓΘ·

149 5450 454 5504 laudensis
491 5446 810 5502 dioecesis.
1910 5430 2080 5514 cipit
2142 5431 2411 5494 litteras
2462 5430 2887 5493 vicedomini
2935 5439 3005 5492 et
3063 5427 3545 5492 cimeliarchae

1912 2187 2007 2231 22.
2056 2205 2137 2214 -
2194 2190 2260 2231 12
2272 2191 2352 2248 30
2397 2173 2584 2254 (1229
2630 2168 2800 2251 ina),
2847 2174 3047 2234 marl.
3099 2191 3153 2250 7,
3202 2169 3336 2243 III,
3394 2170 3545 2234 Cre-

1997 2283 2254 2336 monae,
2303 2263 2376 2326 in
2411 2265 2673 2350 palatio
2721 2264 3025 2349 epz'scopi.

1913 3617 2010 3676 24.
2056 3633 2135 3644 -
2192 3616 2351 3673 1230
2397 3599 2583 3678 (1229
2631 3595 2801 3676 ina),
2842 3599 3039 3658 mart.
3084 3617 3175 3670 12,
3210 3596 3342 3670 III,
3386 3595 3538 3660 Cre-

1999 3710 2255 3762 monae,
2304 3688 2378 3752 itz
2414 3689 2676 3772 palatio
2724 3688 3031 3772 episcopi.

1997 3826 2393 3907 Episcopus
2438 3827 2812 3899 laudensiS,
2858 3847 2985 3908 per
3029 3826 3296 3888 litteras
3344 3827 3545 3888 datas

1861 3884 1866 3933 Ι
1915 3921 1983 3982 in
2032 3921 2351 3982 manibus
2397 3920 2709 4001 episcopi
2758 3920 3159 3994 Cremonae,
3206 3920 3549 4001 praecipit

1909 5123 2003 5184 25.
2053 5142 2133 5149 ——
2190 5125 2346 5182 1230
2390 5106 2577 5185 (1229
2618 5103 2786 5184 ina),
2836 5107 3033 5166 marl.
3078 5106 3169 5176 16,
3211 5102 3343 5174 JJJ,
3390 5102 3541 5165 Cre-
