4050 6109
553 281 668 342 14²

1563 274 1830 326 CODICE
1873 277 2159 326 DIPLOM
2168 276 2394 328 ATICO
2438 277 2893 329 CREMONESE

541 537 641 597 93.
687 555 769 565 —-
821 538 1000 596 1300,
1045 522 1164 582 oct.
1215 539 1313 598 27,
1359 520 1572 594 XIV,
1610 517 1652 582 l.
1691 520 2059 584 Cremonae
2094 519 2169 583 in
2270 539 2425 582 cum
2474 521 2918 586 Ambroxino
2963 523 3050 586 de
3094 523 3346 598 Sext0,
3391 525 3745 592 Iacomino
3802 533 3887 594 de

624 611 856 676 consil.
892 611 1212 697 gabellae.
1265 613 1334 685 C,
1391 634 1414 676 1
1430 634 1528 691 32.

625 747 949 810 Provisio
994 748 1342 831 gabellae,
1397 769 1578 830 quae
1620 749 1852 813 valeat
1895 759 2167 812 tantum

543 860 768 922 usque
809 841 898 902 ad
928 841 1252 905 calendas
1289 841 1581 906 ianuarii
1609 843 1934 924 proximi,
1977 844 2166 924 quod

541 933 758 996 frater
807 934 1212 998 Leonardus
1256 937 1631 998 massarius
1668 935 1893 1017 possit
1936 955 2167 998 emere

543 1027 764 1089 salem
802 1038 1138 1108 quantum
1181 1029 1440 1091 habere
1483 1029 1706 1110 possit
1749 1050 1791 1092 a
1833 1039 2165 1092 mercato-

541 1121 738 1184 ribus
806 1130 948 1183 tam
1008 1121 1388 1186 Cremonae
1456 1143 1663 1204 quam
1730 1121 2123 1186 forensibus
2149 1169 2164 1196 ,

543 1233 685 1277 non
760 1216 1080 1279 obstante
1156 1215 1560 1296 provisione
1637 1216 1724 1279 de
1803 1217 1946 1278 sale
2023 1235 2164 1278 non

541 1309 838 1370 emendo
882 1307 1018 1370 nisi
1053 1328 1095 1372 a
1145 1307 1483 1381 VenetiiS‚
1529 1327 1687 1372 cum
1731 1329 1870 1372 non
1915 1309 2004 1372 sit
2048 1329 2164 1391 pe-

542 1399 750 1463 cunia
793 1398 1144 1464 sufficiens
1187 1399 1258 1462 in
1303 1401 1598 1484 gabella.

537 1655 638 1714 94.
683 1673 766 1682 ·-
819 1657 996 1715 1300,
1044 1656 1195 1699 nov.
1236 1656 1292 1714 3,
1340 1636 1551 1708 XIV,
1597 1635 1640 1700 l.
1682 1637 2047 1702 Cremonae
2089 1636 2165 1702 in

626 1750 803 1792 cons.
841 1729 992 1815 gab.
1051 1730 1117 1803 C,
1173 1750 1309 1809 133.

625 1865 947 1929 Provisio
993 1867 1311 1949 gabellae
1349 1868 1538 1949 quod
1569 1868 2044 1931 cavalcatores
2074 1868 2166 1931 ad

540 1959 916 2022 servicium
970 1959 1285 2042 gabellae
1343 1970 1414 2023 et
1470 1960 1680 2024 officii
1735 1961 1986 2024 blavae
2048 1962 2165 2024 de-

542 2053 754 2116 beant
799 2053 1187 2135 computari
1231 2053 1301 2115 in
1345 2073 1636 2117 numero
1697 2054 1990 2118 militum
2039 2057 2164 2137 (17)

546 2147 669 2229 qui
714 2143 1126 2209 deficiebat
1109 2165 1180 2208 111
1209 2146 1373 2210 talia
1402 2146 1698 2210 militum
1729 2167 1908 2260 quae
1940 2147 2164 2210 teneri

541 2240 752 2302 debet
793 2259 922 2320 pro
967 2238 1336 2312 communi,
1382 2239 1579 2302 salvo
1626 2225 1862 2322 quod‘
1857 2261 1998 2302 non
2049 2242 2165 2302 de-

540 2334 755 2396 beant
807 2332 1164 2396 discedere
1217 2333 1304 2394 de
1359 2332 1642 2397 civitate
1687 2334 1800 2396 vel
1845 2333 2163 2396 districtu

539 2424 677 2487 nisi
721 2424 904 2488 iusta
947 2445 1158 2488 causa
1197 2427 1287 2508 (v.
1331 2445 1391 2488 a.
1446 2447 1624 2504 1300,
1652 2446 1797 2506 apr.
1838 2427 1954 2505 19).
1986 2425 2163 2488 Item

541 2537 756 2599 super
813 2519 1170 2582 solucione
1226 2517 1544 2582 facienda
1601 2519 1737 2582 illis
1791 2521 1910 2602 qui
1969 2518 2165 2582 missi

538 2620 703 2673 sunt
746 2624 947 2674 extra
990 2611 1380 2674 districtum
1427 2614 1518 2674 ad
1574 2612 1801 2675 locum
1854 2613 1966 2674 vel
2008 2632 2162 2694 per-

539 2723 783 2767 sonam
840 2725 1019 2786 quae
1075 2725 1216 2768 non
1273 2715 1505 2786 portet
1569 2706 2010 2769 ambaxatam
2052 2705 2161 2790 (1).

537 2958 638 3020 95.
682 2976 765 2986 —-
817 2958 995 3017 1300,
1041 2959 1192 3002 nov.
1230 2958 1286 3019 7,
1331 2939 1458 3002 XI
1469 2939 1540 3009 V,
1589 2936 1634 3001 l.
1679 2938 2044 3002 Cremonae
2087 2936 2161 3001 in

622 3053 798 3097 cons,
838 3031 1157 3117 gabellae.
1228 3032 1294 3108 C,
1349 3052 1486 3110 134.

621 3170 944 3233 Provisio
1009 3169 1325 3251 gabellae
1396 3169 1587 3250 quod
1650 3168 1800 3231 iura
1865 3178 1935 3231 et
2005 3169 2157 3230 red-

535 3263 724 3327 ditus
795 3263 1216 3326 baratiarum
1289 3262 1687 3334 Cremonae,
1756 3281 1934 3344 quae
1992 3262 2157 3324 olim

538 3358 741 3421 datae
785 3355 1065 3419 fuerunt
1104 3356 1441 3418 Lioncino
1488 3356 1575 3417 de
1619 3355 1912 3426 Rubeis,
1959 3354 2157 3417 intel-

535 3449 842 3531 ligantur
869 3449 1274 3531 pervenisse
1319 3449 1389 3511 in
1420 3449 1767 3531 gabellam
1798 3458 1867 3510 et
1897 3449 1968 3510 in
2006 3448 2159 3529 ipsa

533 3543 607 3605 in
648 3554 988 3625 perpetuo
1034 3544 1334 3606 debeant
1384 3560 1760 3616 remanere,
1807 3554 1877 3604 et
1925 3543 2155 3604 incan-

531 3646 770 3700 tentur
813 3646 885 3699 et
929 3637 1180 3700 dentur
1221 3636 1294 3697 in
1337 3634 1576 3698 fictum
1619 3636 1778 3716 plus
1840 3633 2156 3698 offerenti

533 3731 624 3812 (v.
654 3750 714 3792 a.
768 3749 945 3809 1293,
991 3728 1127 3791 feb.
1175 3730 1256 3808 8).

531 3956 632 4030 96.
661 3987 746 3998 —-
799 3971 976 4030 1300,
1015 3971 1166 4013 nov.
1201 3970 1300 4028 23,
1349 3950 1557 4022 XIV,
1595 3948 1639 4011 l.
1685 3949 2049 4013 Cremonae
2078 3947 2153 4010 in

615 4066 795 4108 cons.
831 4045 982 4130 gab.
1028 4044 1094 4118 C,
1150 4063 1285 4123 135.

617 4181 938 4246 Provisio
983 4181 1304 4264 gabellae
1349 4180 1539 4262 quod
1581 4199 1707 4260 per
1749 4188 2153 4261 praesentes

530 4284 950 4356 potestatem
983 4285 1052 4338 et
1082 4274 1519 4355 capitaneum
1552 4274 1664 4336 vel
1707 4293 1834 4355 per
1882 4272 2154 4335 futuros

532 4369 936 4431 sindacatus
982 4368 1095 4431 vel
1129 4367 1703 4449 impedimentum
1747 4387 1888 4430 11011
1930 4366 2155 4448 possit

531 4460 686 4525 fieri
729 4462 1166 4525 antecedenti
1210 4460 1616 4543 provisioni.

527 4714 626 4776 97.
673 4731 751 4742 -
805 4715 983 4774 1300,
1029 4694 1162 4758 dec.
1215 4716 1308 4769 11,
1358 4695 1568 4770 XIV,
1600 4693 1643 4758 l.
1681 4695 2049 4760 Cremonae
2078 4695 2152 4758 in

615 4808 794 4852 cons.
816 4786 1134 4873 gabellae.
1190 4789 1258 4862 C,
1313 4809 1450 4851 122.

610 4923 934 4989 Provisio
978 4923 1294 5007 gabellae
1339 4924 1530 5005 quod
1564 4923 1838 4987 validus
1871 4925 1960 4988 sit
1991 4944 2151 4989 con-

521 5027 791 5082 tractus
861 5017 1084 5081 factus
1154 5037 1282 5098 per
1347 5017 1689 5081 sindicum
1760 5019 2149 5081 communis

577 5379 638 5432 (1)
669 5384 689 5423 1
718 5360 930 5425 cavali'eri
957 5381 1078 5424 dena
1105 5381 1293 5424 Gabella
1321 5393 1348 5423 e
1375 5381 1496 5423 della
1525 5397 1547 5420 ι
1576 5381 1718 5423 Blava
1740 5397 1782 5430 ι»,
1809 5381 2012 5422 ascendo
2032 5379 2154 5423 dalla

521 5445 638 5488 citt&
656 5457 686 5486 ο
705 5444 780 5486 dal
807 5445 1031 5494 distretto,
1062 5442 1304 5486 dovevano
1323 5455 1460 5486 avere
1477 5455 1503 5495 3
1530 5443 1649 5486 soldl
1668 5442 1888 5496 imperiali
1908 5443 1952 5486 al
1968 5444 2149 5496 giorno.

2268 611 2453 676 Ciria
2498 624 2569 676 et
2610 615 2903 678 Daniele
2938 617 3023 679 de
3053 616 3443 681 Casamalla
3472 620 3653 683 dacii
3682 641 3893 705 super

2266 707 2577 788 impositi
2624 728 2677 770 2·
2706 709 2879 772 sold.
2926 709 3166 791 imper.
3203 711 3574 775 cuiuslibet
3604 717 3887 780 sextarii

2269 801 2435 864 salis
2480 800 2581 864 eis
2630 803 2771 866 dati
2816 822 2945 884 pro
2999 823 3158 867 1000
3200 803 3397 868 libris
3442 805 3607 888 imp.
3648 821 3891 873 mutuo

2268 894 2573 975 acceptis
2617 896 2707 957 ad
2750 895 3168 960 solutionem
3198 897 3585 962 faciendam
3614 901 3895 966 Aloisio

2268 987 2505 1050 comiti
2530 988 2617 1051 de
2638 987 2984 1053 Casalolto
3008 1001 3079 1056 et
3101 992 3455 1056 Zoannino
3470 995 3573 1056 de
3602 995 3891 1059 Mantua

2269 1081 2633 1162 capitaneo
2700 1093 2770 1145 et
2840 1085 3247 1149 conestabili
3311 1086 3522 1149 taliae
3592 1088 3889 1152 militum

2266 1173 2646 1238 Cremonae
2691 1175 2833 1258 (cfr.
2888 1197 2956 1239 12
3006 1179 3186 1242 mad.
3241 1181 3443 1259 1300).
3487 1180 3663 1244 Item
3700 1183 3893 1264 quod

2266 1269 2502 1333 datum
2533 1270 2621 1332 de
2648 1271 3014 1334 baratariis
3042 1291 3169 1354 per
3199 1273 3551 1338 incantum
3580 1275 3654 1337 in
3675 1275 3735 1338 F
3737 1296 3891 1338 ran-

2268 1361 2593 1426 ceschino
2649 1364 2736 1426 de
2781 1361 3231 1428 Comessadio
3286 1367 3379 1430 sit
3430 1366 3709 1432 firmum
3753 1389 3891 1432 non

2266 1456 2585 1520 obstante
2630 1457 2862 1538 aliqua
2904 1459 3345 1524 solemnitate
3390 1461 3647 1524 omissa
3684 1465 3777 1543 (v.
3830 1484 3893 1526 a.

2272 1569 2464 1627 1300,
2520 1568 2681 1612 nov.
2732 1551 2811 1632 7).
2855 1550 3030 1615 Item
3085 1554 3275 1634 quod
3332 1555 3711 1618 massarius
3772 1577 3890 1639 ga-

2262 1641 2485 1705 bellae
2542 1645 2773 1707 solvat
2830 1646 3167 1708 massario
3236 1647 3519 1730 collegii
3578 1649 3891 1712 iudicum

2264 1755 2341 1816 55
2386 1736 2601 1800 libras
2660 1737 2903 1820 imper.
2953 1758 3083 1821 pro
3128 1741 3419 1804 consilio
3472 1744 3636 1806 dato
3694 1754 3888 1825 pote-

2263 1829 2427 1893 stati
2472 1843 2541 1894 et
2582 1831 2942 1912 capitaneo
2988 1853 3199 1914 super
3237 1836 3649 1916 quaestione
3693 1838 3891 1899 bara-

2262 1922 2547 1996 tiarum,
2598 1945 2776 2007 quae
2836 1928 3334 2008 repetebantur
3390 1948 3519 2010 per
3560 1931 3894 1993 heredem

2263 2016 2597 2081 Leoncini
2656 2019 2743 2082 de
2800 2019 3075 2082 Rubeis
3102 2069 3117 2094 ,
3178 2031 3249 2084 et
3306 2021 3477 2085 alias
3537 2042 3895 2105 expensas

2264 2113 2696 2176 necessarias
2724 2112 3086 2193 praedicta
3114 2115 3202 2177 de
3232 2133 3460 2178 causa.
3490 2115 3667 2179 Item
3704 2119 3898 2198 quod

2262 2205 2576 2285 provisio
2622 2226 2697 2286 27
2746 2221 2879 2268 oct.
2926 2208 3156 2270 valeat
3198 2217 3267 2271 et
3300 2209 3502 2270 duret
3544 2229 3778 2292 usque
3809 2213 3895 2274 ad

2263 2309 2487 2361 totum
2549 2319 2807 2362 annum
2874 2320 3021 2378 1301
3074 2301 3163 2382 (v.
3210 2322 3271 2364 a.
3326 2322 3517 2380 1300,
3572 2314 3714 2367 oct.
3775 2306 3891 2384 27).

2349 2391 2523 2454 Item
2578 2394 2769 2474 quod
2819 2405 3005 2456 terra
3058 2395 3145 2456 de
3204 2395 3653 2460 Montexellis
3682 2445 3700 2471 ,
3759 2417 3893 2460 una

2266 2505 2424 2548 cum
2482 2486 2687 2550 terris
2744 2489 2831 2550 de
2890 2488 3073 2550 ultra
3148 2488 3418 2551 Padum
3484 2509 3666 2571 quae
3736 2501 3895 2553 sunt

2265 2578 2489 2642 eidem
2549 2580 2917 2644 adiunctae
2942 2628 2956 2653 ,
3010 2583 3311 2644 habeant
3372 2584 3781 2647 banderiam
3827 2595 3894 2648 et

2263 2683 2679 2751 potestatem
2724 2684 2793 2738 et
2822 2674 3188 2748 notarium,
3223 2677 3341 2757 qui
3374 2677 3677 2740 debeant
3714 2679 3891 2740 solvi

2264 2785 2305 2826 a
2348 2767 2723 2846 praedictis
2768 2767 2972 2830 terris
3016 2773 3122 2848 (20
3150 2769 3305 2832 libr.
3336 2769 3501 2851 imp.
3531 2772 3893 2850 potestati,

2264 2878 2297 2936 5
2345 2857 2499 2921 libr.
2545 2861 2708 2940 imp.
2771 2861 3065 2940 notario)
3119 2874 3189 2924 et
3242 2862 3411 2946 eligi
3463 2884 3589 2944 per
3644 2875 3895 2947 portas

2263 2951 2572 3015 vicissim
2625 2953 2697 3014 in
2764 2953 3055 3018 consilio
3122 2955 3432 3038 generali
3499 2959 3895 3022 communis

2259 3042 2637 3110 Cremonae
2680 3048 2770 3110 ad
2814 3047 3077 3111 brevia.

2346 3161 2381 3201 ‹
2426 3141 2725 3203 Nomina
2767 3151 3105 3204 terrarum
3151 3163 3287 3224 que
3332 3153 3491 3207 sunt
3555 3145 3884 3211 adiuncte

2258 3232 2441 3296 dicte
2484 3235 2867 3316 potestacie
2914 3247 3075 3299 sunt
3117 3237 3243 3300 he:

2344 3326 2453 3388 De
2498 3326 2569 3390 S.
2613 3327 2879 3391 Iuliano
2924 3364 2946 3374 -
2991 3329 3099 3391 De
3143 3328 3489 3412 Bragacia
3526 3368 3548 3378 -
3581 3342 3890 3414 quatuor

2256 3418 2409 3482 libr.

2338 3515 2447 3577 De
2490 3515 2713 3578 Ponte
2742 3515 3047 3580 Navacie
3077 3552 3101 3565 ·
3134 3517 3240 3578 De
3273 3517 3596 3582 domibus
3630 3521 3721 3582 de
3752 3520 3883 3584 Fu-

2256 3607 2456 3670 stinis
2494 3643 2517 3655 -
2546 3609 2655 3671 De
2700 3610 3024 3672 domibus
3054 3611 3141 3673 de
3172 3611 3473 3674 Paniziis
3504 3623 3574 3674 et
3604 3613 3883 3676 illorum

2255 3702 2341 3764 de
2384 3702 2626 3784 Burgo
2687 3739 2710 3750 -
2767 3704 2875 3765 De
2929 3703 3375 3787 Butalengho
3417 3739 3441 3752 —
3482 3705 3591 3768 De
3634 3707 3709 3770 S.
3755 3707 3885 3768 Mi-

2254 3795 2519 3858 chaelle
2577 3798 2665 3859 de
2721 3796 2977 3878 Treplo
3021 3832 3045 3842 -
3100 3796 3210 3860 De
3254 3798 3458 3862 Vado
3516 3799 3603 3860 de
3663 3800 3885 3882 Squa-

2251 3888 2491 3950 tarolis
2518 3925 2542 3936 -
2576 3889 2883 3971 quinque
2926 3889 3081 3956 libr.
3118 3891 3283 3972 imp.

2334 3981 2443 4045 De
2487 3982 2729 4045 Castro
2774 3983 2996 4046 veteri
3065 4020 3089 4030 -
3143 3997 3445 4066 quatuor
3501 3985 3656 4048 libr.
3716 3987 3881 4068 imp.

2335 4076 2445 4138 De
2488 4074 2834 4139 Casteleto
2880 4078 2967 4140 de
3011 4077 3333 4142 Bocaciis
3381 4115 3404 4126 -
3450 4080 3557 4142 De
3588 4080 3886 4144 Tinacio

2256 4206 2279 4217 -
2325 4170 2433 4232 De
2485 4168 2656 4234 Olza
2707 4181 2777 4234 et
2822 4171 2891 4234 S.
2939 4171 3222 4235 Valeria
3267 4209 3290 4220 -
3344 4173 3453 4236 De
3495 4174 3815 4237 Fornaze
3860 4211 3883 4220 -

2252 4263 2361 4326 De
2407 4264 2814 4345 Burxalupo
2860 4301 2883 4312 -
2936 4265 3044 4327 De
3090 4265 3497 4349 Harpegata
3549 4302 3574 4313 -
3617 4267 3729 4330 De
3775 4267 3881 4329 Li-

2252 4357 2403 4419 sola
2446 4357 2681 4420 Iacobi
2728 4359 2815 4421 de
2858 4356 3127 4421 Corado
3182 4394 3205 4406 -
3260 4360 3368 4422 De
3427 4359 3883 4423 Montexellis

2254 4451 2341 4512 de
2386 4448 2777 4513 Bonefaciis
2825 4486 2847 4496 -
2906 4461 3204 4534 quatuor
3263 4453 3417 4515 libr.
3470 4454 3635 4534 imp.

2336 4543 2443 4605 De
2488 4543 2728 4626 Burgo
2780 4564 2967 4607 novo
3021 4546 3107 4608 de
3152 4545 3677 4609 Dovarensibus
3712 4581 3739 4595 -
3775 4547 3883 4609 De

2252 4636 2492 4719 Burgo
2517 4656 2703 4700 novo
2737 4636 2825 4700 de
2859 4635 3247 4720 Gaydoldis
3279 4676 3303 4686 -
3332 4639 3441 4703 De
3472 4639 3541 4704 S.
3566 4641 3784 4702 Petro
3811 4641 3881 4702 in

2253 4730 2462 4792 Curte
2507 4767 2530 4778 -
2573 4729 2682 4792 De
2710 4729 2916 4797 Ultra
2952 4733 3298 4796 Poxolum
3337 4769 3361 4780 -
3404 4733 3513 4796 De
3565 4731 3809 4796 Lizola
3858 4769 3881 4778 -

2254 4823 2563 4906 quinque
2607 4824 2761 4889 libr.
2808 4823 2972 4908 imp.
3019 4847 3055 4888 »

2337 4918 2685 5001 Reliquae
2708 4930 2849 4982 tres
2880 4917 3099 4983 librae
3130 4920 3388 4983 debent
3413 4919 3589 4983 solvi
3620 4940 3663 4982 a
3700 4930 3884 4984 terra

2254 5013 2341 5074 de
2385 5012 2853 5076 MontexelliS.

2258 5384 2275 5423 1
2307 5381 2443 5424 messi
2464 5381 2706 5423 dovevano
2724 5381 2907 5432 pagarsi
2932 5392 3018 5432 per
3042 5393 3104 5422 un
3122 5381 3299 5424 cavallo
3318 5383 3419 5424 solo
3443 5395 3531 5424 con
3550 5394 3574 5433 3
3604 5382 3721 5426 soldi
3740 5382 3879 5434 impe-

2254 5443 2356 5486 riali
2384 5456 2410 5485 e
2438 5454 2595 5485 mezzo
2622 5443 2667 5484 al
2694 5443 2857 5494 giorno
2884 5453 2935 5484 se
2970 5442 3112 5494 notai,
3142 5455 3228 5486 con
3256 5455 3282 5496 3
3310 5443 3427 5486 soldi
3456 5444 3541 5486 soli
3559 5455 3611 5486 se
3630 5456 3721 5487 non
3738 5445 3879 5486 notai·
