4050 6109
515 261 594 334 84
1519 270 1788 319 CODICE
1831 269 2349 318 DIPLOMATICO
2394 267 2853 319 CREMONESE

510 538 626 574 non
665 530 868 588 quarte
903 523 1079 589 partis
1121 530 1178 576 et
1220 521 1459 575 dimidie
1512 521 1698 574 tocius
1752 521 1972 588 imperii
2025 522 2137 573 Ro-

511 600 699 652 manie
735 600 1024 662 dominus,
1067 600 1367 660 IordanuS,
1395 600 1516 652 sola
1542 600 1907 652 miseratione
1945 598 2139 650 divina

513 676 704 729 Padue
739 677 1065 744 episcopuS,
1093 677 1223 730 licet
1247 677 1537 742 indignuS‚
1565 677 1809 729 salutem
1830 685 1887 729 et
1911 675 2137 728 dierum

509 753 928 818 longitudinem
953 770 1082 807 cum
1111 754 1292 818 gloria
1316 762 1374 806 et
1399 756 1639 806 honore.
1665 752 1925 806 Potentie
1949 761 2139 804 vestre

507 831 756 895 presenti
794 831 1004 897 pagina
1041 831 1376 896 innotescat,
1400 847 1508 883 nos
1545 846 1729 896 nuper
1751 847 1786 882 a
1811 828 2136 882 venerabile

507 908 676 960 fratre
713 909 987 974 episcopo
1022 908 1352 960 terdonensi
1389 907 1576 960 iudice
1612 907 1878 972 delegato
1916 905 2134 958 domini

509 986 659 1050 Pape
695 985 980 1051 recepisse
1002 984 1214 1037 litteras
1240 983 1296 1036 in
1327 984 1480 1036 hunc
1503 984 1776 1036 modum:
1805 981 2135 1036 Venerabili

507 1061 650 1126 patri
688 1070 744 1113 et
782 1061 1020 1113 domino
1049 1062 1156 1114 Dei
1185 1061 1366 1126 gratia
1393 1060 1588 1113 Padue
1613 1059 1906 1126 episcop0‚
1935 1061 2136 1112 Petrus

507 1137 629 1190 sola
668 1139 776 1189 Dei
813 1137 1178 1190 miseratione
1232 1137 1594 1190 terdonensis
1646 1137 1951 1202 episcopus
2005 1136 2136 1188 licet

507 1215 796 1280 indignus,
820 1215 1040 1268 domini
1069 1217 1220 1280 Pape
1243 1214 1414 1267 iudex
1435 1215 1754 1279 delegatuS,
1775 1231 1908 1268 cum
1928 1213 2132 1266 salute.

508 1293 592 1343 Ex
629 1291 904 1344 mandato
940 1291 1157 1344 domini
1189 1293 1340 1357 Pape
1377 1290 1618 1344 domino
1655 1291 1786 1356 duci
1826 1299 1883 1344 et
1916 1291 2134 1356 populo

507 1369 877 1421 venetiarum
917 1368 1246 1434 scripsimus
1283 1368 1494 1433 pluries
1525 1377 1582 1422 et
1606 1369 1880 1420 instanter
1905 1385 1978 1420 ne
2000 1383 2133 1420 cum

506 1445 926 1498 Cremonenses
963 1446 1336 1498 mercimonia
1371 1446 1794 1508 contraherent,
1831 1445 1930 1510 qui
1967 1461 2136 1497 exco-

507 1523 780 1575 municati
805 1531 940 1575 sunt
975 1522 1086 1575 iam
1113 1523 1334 1574 dudum
1361 1523 1698 1575 auctoritate
1719 1538 1957 1574 romane
1980 1521 2135 1574 sedis

505 1615 608 1664 per
644 1616 749 1651 nos
786 1608 842 1652 et
877 1616 980 1665 per
1015 1600 1158 1652 alios
1195 1599 1318 1651 vice
1343 1599 1452 1652 alia
1477 1599 1793 1664 delegatOS,
1821 1615 1994 1664 super
2017 1598 2135 1650 vio-

507 1677 682 1730 lentia
735 1694 910 1744 quam
958 1677 1171 1730 faciunt
1225 1677 1577 1728 monasterio
1631 1676 1810 1728 sancti
1864 1675 2015 1743 Systi
2061 1675 2135 1726 de

517 1755 802 1807 Placentia
844 1755 899 1807 in
952 1754 1210 1806 curtibus
1254 1763 1312 1806 et
1347 1753 1738 1806 iurisdictione
1783 1753 2042 1805 Luciarie
2078 1761 2135 1804 et

511 1831 834 1891 Guastalle,
873 1848 1019 1897 quas
1063 1831 1330 1884 auserunt
1385 1831 1734 1882 monasterio
1781 1829 2131 1895 supradictO.

511 1909 679 1960 Unde
716 1909 853 1976 quia
905 1908 1040 1962 dicti
1098 1908 1304 1960 Veneti
1360 1917 1621 1960 nostrum
1679 1908 1858 1960 immo
1913 1907 2134 1959 domini

509 1986 658 2050 I'ape
698 1985 1034 2038 mandatum
1071 1984 1338 2037 dicuntur
1374 1991 1784 2048 contempnere
1820 2000 1951 2036 cum
1996 1982 2135 2049 ipsis

508 2061 998 2115 Cremonensibus
1061 2061 1457 2114 contrahendo
1484 2098 1495 2120 ,
1557 2061 1880 2126 paternitati
1947 2071 2135 2114 vestre

503 2155 635 2193 cum
672 2139 992 2191 reverentia
1027 2137 1400 2203 iniungimuS,
1426 2138 1764 2190 auctoritate
1790 2138 1955 2190 nobis
1979 2154 2135 2190 com—

504 2217 694 2280 missa,
735 2225 798 2269 ut
831 2216 1016 2268 dictos
1042 2215 1298 2267 Venetos
1323 2215 1396 2267 ad
1422 2214 1769 2267 servandum
1796 2214 2134 2268 mandatum

500 2294 582 2345 eis
619 2301 818 2346 contra
832 2293 1253 2345 Cremonenses
1273 2291 1484 2344 sactum
1507 2308 1607 2357 per
1624 2291 1901 2356 speciales
1920 2291 2133 2346 litteras

502 2371 722 2422 domini
762 2371 915 2435 Pape
953 2378 1009 2422 et
1031 2378 1271 2430 nostras,
1297 2385 1538 2421 censura
1563 2368 1944 2422 ecclesiastica
1979 2386 2134 2422 com-

505 2447 744 2512 pellatiS.
787 2448 1057 2499 Ceterum
1094 2445 1228 2513 quia
1266 2461 1369 2496 vos
1405 2453 1701 2511 tamquam
1737 2453 1956 2510 patrem
1994 2447 2133 2499 ami·

505 2540 639 2576 cum
676 2533 734 2576 et
758 2523 1059 2575 dominum
1080 2521 1386 2587 specialem
1413 2530 1469 2574 et
1497 2521 1823 2574 universum
1850 2524 2131 2588 populum

509 2603 796 2653 Venetum
833 2599 1125 2664 diligimus
1161 2615 1307 2666 puro
1331 2599 1505 2651 corde
1531 2608 1586 2652 et
1611 2615 1839 2664 semper
1866 2600 2131 2664 cupimus

503 2677 694 2730 dicere
729 2694 796 2728 ac
833 2677 1017 2729 facere
1054 2677 1110 2728 in
1147 2676 1416 2728 omnibus
1451 2685 1510 2728 et
1543 2693 1646 2742 per
1681 2677 1876 2728 omnia
1910 2694 1978 2730 ea
2015 2695 2131 2744 que

504 2754 579 2808 ad
615 2763 868 2807 vestrum
905 2761 1116 2805 statum
1154 2751 1466 2805 comodum
1493 2762 1551 2806 et
1576 2753 1854 2805 honorem
1879 2754 2132 2808 debeant

501 2831 825 2883 redundare
861 2839 918 2884 et
951 2829 1124 2882 etiam
1161 2838 1349 2882 vestre
1384 2829 1644 2890 civitati5‚
1669 2831 2008 2896 sapientiam
2038 2849 2131 2884 ve-

500 2919 676 2962 stram
712 2907 1054 2960 hortandam
1092 2906 1364 2959 duximus
1400 2915 1456 2960 et
1481 2907 1818 2972 rogandam,
1844 2917 2129 2974 quatenus

501 2985 696 3038 omnia
733 2983 1005 3037 mandata
1041 2991 1098 3036 et
1132 2992 1402 3049 precepta
1439 2983 1600 3036 vobis
1637 3002 1670 3037 a
1707 2983 1946 3036 do'mino
1975 2986 2129 3052 Papa

499 3081 532 3115 a
569 3069 889 3114 memorato
941 3060 1181 3112 domino
1233 3060 1507 3126 episcopo
1560 3060 1891 3114 terdonensi
1939 3062 2126 3116 iudice

498 3138 766 3203 delegato
801 3137 1020 3190 domini
1061 3138 1214 3202 Pape
1248 3144 1306 3189 et
1340 3137 1413 3190 ab
1439 3137 1562 3189 aliis
1593 3137 1758 3188 vobis
1783 3137 1928 3191 facta
1953 3156 2127 3204 super

499 3215 730 3280 negotio
768 3221 1090 3267 memorato
1125 3213 1442 3278 dig-nemini
1486 3213 1886 3267 inviolabiliter
1920 3217 2125 3268 obser-

495 3309 661 3354 vare3
701 3291 984 3358 alioquin,
1034 3300 1572 3358 quantumcumque
1631 3308 1734 3343 vos
1792 3292 2119 3358 diligamus,

494 3368 626 3421 licet
661 3368 820 3421 inviti
867 3384 981 3420 non
1032 3383 1334 3432 possemus
1375 3367 1610 3433 pacifice
1646 3368 1941 3428 tollerare,
1981 3371 2120 3436 quin

494 3452 690 3497 contra
712 3461 813 3495 vos
835 3444 1169 3497 mandatum
1189 3443 1568 3509 apostolicum
1589 3460 1720 3496 secu
1730 3444 1908 3498 ndum
1930 3447 2121 3500 Deum

495 3529 553 3574 et
587 3521 870 3574 iusticiam
905 3536 1342 3586 exequeremur.
1371 3521 1577 3572 Testes
1613 3520 1919 3574 interfuere
1939 3523 2123 3576 domi-

495 3614 602 3650 uus
641 3599 920 3650 Martinus
946 3597 1343 3659 CunctarinuS,
1371 3596 1642 3650 dominus
1670 3598 1956 3652 Iohannes
1983 3602 2122 3666 Qui-

490 3675 617 3734 rini,
655 3674 926 3726 dominus
965 3674 1304 3726 Dominicus
1346 3674 1588 3739 Quirini,
1629 3684 1687 3727 et
1721 3675 1833 3730 alii.

557 3753 770 3804 Actum
809 3750 864 3802 in
901 3751 1115 3816 palatio
1152 3750 1390 3816 predicti
1428 3751 1650 3804 domini
1687 3752 1869 3807 duciS.

558 3856 598 3918 †
639 3853 1066 3920 Ego'Ubertus
1110 3853 1376 3920 scriptor,
1413 3854 1668 3908 notarius
1713 3857 1857 3908 sacri
1902 3857 2115 3922 palatii,

490 3941 723 3998 rogatus
761 3929 1006 3993 interfui,
1046 3938 1108 3982 ut
1145 3929 1259 3983 vidi
1297 3930 1494 3997 scripsi
1533 3940 1590 3984 et
1624 3933 1926 3998 complevi.

490 4141 626 4186 220.
673 4157 755 4166 —-—
796 4140 980 4200 1225,
1012 4125 1160 4203 apr.
1191 4121 1398 4196 XIII,
1432 4121 1494 4185 d.
1550 4122 1845 4186 Venetia&
1891 4123 2117 4206 (senza

575 4215 784 4300 data).
831 4215 971 4299 Ap.
1017 4215 1290 4289 Ficker,
1338 4221 1440 4298 op.
1485 4216 1614 4290 cit„
1664 4238 1805 4297 342.

569 4351 873 4414 Litterae
911 4351 1106 4414 ducis
1139 4352 1590 4414 Venetiarum
1625 4355 1713 4416 ad
1744 4353 2115 4417 Iordanum

486 4445 891 4526 episcopum
938 4447 1218 4508 Paduae
1265 4445 1518 4528 quibus
1551 4448 1922 4510 denunciat
1967 4449 2115 4511 eius

485 4540 831 4601 mandatis
876 4539 1213 4621 paruisse.

483 4745 604 4790 221.
650 4763 730 4772 -
790 4746 967 4806 1225,
1017 4724 1192 4789 mad.
1237 4749 1285 4801 1,
1337 4725 1542 4806 XIII,
1601 4726 1968 4790 Terdonae.
2016 4727 2109 4803 A,

573 4841 714 4901 270.

563 4957 958 5039 Episcopus
978 4958 1343 5021 Terdonae
1371 4959 1774 5021 solemniter
1799 4959 2111 5040 publicat

483 5052 1275 5115 excommunicationem
1325 5053 1393 5114 in
1429 5051 1840 5115 Vicentinos
1881 5052 2110 5114 dando

484 5147 582 5207 eis
613 5146 982 5207 terminum
1031 5167 1252 5227 usque
1286 5149 1374 5208 ad
1415 5166 1483 5224 15
1520 5146 1687 5219 dies,
1719 5146 1898 5208 infra
1934 5168 2111 5227 quos

481 5238 909 5301 satisfaciant
975 5240 1061 5301 de
1128 5239 1645 5301 inoboedientia
1717 5241 2111 5321 praeceptis

481 5333 626 5394 suis
692 5343 760 5394 et
827 5331 1205 5414 pontificis,
1275 5344 1342 5396 et
1413 5335 1496 5395 de
1541 5333 1810 5396 iniuriis
1856 5335 2109 5396 nuncio

483 5447 608 5490 suo
655 5426 887 5490 illatis·

1462 405 1521 409 -,.
1536 405 1545 409 -
1567 405 1593 408 —
1666 405 1707 408 —
1772 405 1799 409 -.
1842 403 1907 409 —..-
1926 403 2198 408 ——----
2221 401 2428 408 ..—-—-—-—-
2443 404 2654 411 ———-.
2683 407 2730 411 -,,
2765 407 2834 412 ὴ-
2871 407 2930 410 —

3303 396 3839 415 --———-———-—*--—:

2310 523 2349 586 ἦ·
2388 523 2565 575 Anno
2592 523 2879 578 dominice
2905 524 3310 578 incarnationis
3330 525 3636 578 millesimo
3656 525 3855 592 ducen-

2240 599 2448 652 tesimo
2490 601 2770 666 vigesimo
2820 602 3051 668 quintO,
3093 603 3402 656 indictione
3456 603 3852 665 tertiadecima,

2239 675 2333 728 die
2380 676 2524 728 iovis
2571 678 2757 742 primo
2804 679 3051 732 intrante
3096 679 3319 740 madi0,
3359 679 3415 731 in
3469 679 3769 741 Terdona,
3803 681 3855 733 in

2238 753 2547 818 episcopali
2588 755 2823 820 palaciO.
2852 755 3004 821 Quia
3039 756 3310 810 dominus
3338 758 3539 810 Petrus
3562 756 3858 810 terdonen—

2236 829 2314 881 sis
2350 830 2675 896 episcopuS,
2704 832 2923 884 domini
2965 833 3119 898 Pape
3153 832 3329 886 iudex
3364 833 3665 899 delegatus
3690 849 3850 900 super

2239 907 2481 972 negocio
2521 907 2630 960 iam
2668 909 2892 962 dudum
2919 919 3049 962 acto
3075 909 3222 962 inter
3247 911 3657 963 monasterium
3685 912 3854 963 sancti

2235 983 2385 1050 Systi
2422 984 2728 1049 placentini
2765 993 2823 1038 et
2846 985 3134 1039 civitatem
3162 987 3449 1040 Cremone
3475 1003 3580 1053 pro
3608 988 3857 1040 Luciaria

2236 1069 2294 1114 et
2328 1061 2644 1121 Guastalla,
2682 1062 2939 1115 candelis
2974 1063 3231 1116 accensis
3266 1064 3726 1117 excomunicavit
3758 1064 3861 1115 do-

2236 1137 2457 1191 minum
2484 1138 2859 1192 Guilielmum
2892 1140 3171 1194 Amatum
3208 1141 3392 1194 civem
3430 1157 3857 1194 cremonensem

2234 1223 2580 1280 potestatem
2616 1215 2967 1269 vicentinum
3005 1227 3062 1271 et
3099 1217 3361 1270 eiusdem
3398 1217 3640 1270 civitatis
3666 1217 3861 1270 Vicen-

2235 1292 2314 1344 tie
2349 1292 2732 1354 credenciam,
2771 1302 2828 1346 et
2864 1301 3044 1347 totam
3081 1294 3325 1348 eandem
3364 1294 3652 1347 civitatem
3690 1310 3864 1359 gene-

2236 1367 2336 1420 rali
2358 1369 2621 1434 suposuit
2648 1369 2969 1430 interdict0‚
3000 1369 3108 1422 hoc
3136 1370 3267 1422 ideo
3292 1371 3428 1437 quia
3453 1370 3603 1424 dicte
3626 1369 3863 1423 civitatis

2236 1445 2498 1498 homines
2534 1455 2593 1499 et
2626 1462 2875 1499 comune
2915 1446 3103 1500 dictus
3148 1447 3455 1512 episcopus
3504 1447 3863 1500 terdonensis

2233 1538 2337 1588 per
2371 1523 2673 1575 dominum
2711 1523 3047 1588 episcopum
3075 1515 3426 1578 vicentinum
3452 1523 3757 1576 admonuit
3779 1525 3862 1575 vel

2233 1599 2532 1652 admoneri
2572 1600 2826 1666 precepit
2862 1599 3021 1666 quod
3072 1601 3354 1653 deberent
3394 1600 3714 1667 quemlibet
3751 1617 3862 1653 cre-

2235 1692 2572 1729 monensem
2627 1693 2897 1729 amovere
2944 1694 2977 1730 a
3038 1678 3317 1742 regimine
3362 1677 3605 1730 civitatis
3649 1693 3756 1729 sue
3803 1687 3857 1730 et

2235 1753 2393 1819 quod
2430 1771 2562 1806 cum
2600 1755 3089 1807 Cremonensibus
3127 1771 3243 1806 non
3273 1756 3675 1808 contraherent
3711 1754 3865 1807 iuxta

2235 1829 2395 1896 quod
2446 1831 2719 1884 dominus
2775 1833 2929 1897 Papa
2983 1832 3139 1884 dicto
3198 1831 3535 1886 terdonensi
3592 1832 3865 1896 episcopo

2236 1908 2605 1961 mandaverat
2640 1909 2758 1960 suis
2794 1909 3035 1974 scriptis,
3068 1909 3182 1974 Ipsi
3219 1917 3413 1962 autem
3434 1908 3725 1962 Vicentini
3764 1909 3863 1959 hec

2234 1984 2429 2036 omnia
2465 1993 2943 2051 contempnentes
2978 1985 3296 2038 retenendo
3342 1987 3398 2038 in
3441 2001 3548 2039 suo
3585 1985 3864 2050 regimine

2234 2060 2449 2114 dictum
2489 2077 2927 2114 cremonensem
2947 2071 3002 2114 et
3028 2079 3159 2114 cum
3186 2062 3351 2114 dictis
3374 2061 3866 2115 Cremonensibus

2234 2138 2653 2200 contrahendO,
2678 2139 2733 2190 in
2758 2149 3179 2205 augumentum
3206 2155 3311 2191 sue
3338 2139 3555 2192 malitie
3580 2137 3857 2191 nuncium

2234 2215 2369 2267 dicti
2406 2215 2628 2268 domini
2666 2217 2921 2283 episcopi
2948 2216 3314 2270 terdonensis
3347 2215 3740 2269 Iohanninum
3767 2231 3866 2267 no-

2236 2291 2390 2343 mine
2427 2292 2765 2345 verberibus
2800 2293 3134 2355 affecerunt,
3174 2301 3232 2346 et
3268 2293 3503 2359 insuper
3540 2291 3867 2358 expoliave-

2234 2377 2367 2420 runt
2401 2384 2535 2421 eum
2570 2369 2771 2421 litteris
2808 2377 2866 2422 et
2901 2369 3192 2435 expensis,
3220 2369 3368 2423 sicut
3402 2385 3475 2421 ex
3500 2378 3866 2421 sacramento

2234 2445 2496 2498 eiusdem
2526 2446 2833 2499 Iohannini
2869 2455 3235 2513 compertum
3260 2455 3367 2510 est,
3400 2455 3661 2512 preterea
3700 2446 3871 2498 inter-

2232 2521 2449 2575 dictum
2490 2523 2545 2574 in
2582 2522 2830 2576 eandem
2866 2523 3161 2576 civitatem
3198 2523 3414 2576 sactum
3464 2538 3579 2575 non
3630 2532 3865 2576 servant

2231 2615 2339 2650 nec
2372 2598 2559 2651 clerici
2596 2615 2705 2652 nec
2746 2599 2925 2666 layci,
2964 2608 3199 2666 propter
3246 2616 3363 2666 que
3417 2601 3614 2652 omnia
3659 2615 3863 2665 supra-

2229 2676 2495 2742 scriptam
2532 2676 3131 2729 excomunicationem
3169 2676 3544 2743 solempniter
3596 2676 3733 2729 fecit
3776 2675 3868 2727 di-

2230 2761 2355 2804 ctus
2375 2752 2699 2819 episcopus,
2723 2752 2919 2805 dando
2943 2754 3027 2805 eis
3053 2753 3361 2806 terminum
3389 2769 3577 2819 usque
3597 2753 3671 2805 ad
3699 2754 3866 2819 quin-

2227 2827 2416 2881 decim
2453 2829 2577 2881 dies
2614 2838 2744 2894 post
2779 2830 2984 2882 horum
3010 2829 3516 2883 denonciationem
3540 2830 3687 2882 infra
3712 2847 3864 2896 quos

2228 2905 2576 2958 satisfaciant
2611 2906 2685 2959 de
2723 2907 3037 2971 premissis·

2298 2984 2684 3038 Intersuerunt
2728 2993 2904 3036 testes
2950 2984 3297 3038 Guilielmus
3341 2984 3415 3037 de
3472 2984 3863 3037 Montemerlo

2225 3059 2587 3112 terdonensis
2622 3061 2953 3121 canonicus,
2986 3063 3322 3114 Lantelmus
3369 3060 3444 3114 de
3481 3061 3704 3113 Casalis
3713 3099 3857 3122 .....

2225 3135 2360 3188 dicti
2385 3137 2604 3188 domini
2631 3138 2885 3202 episcopi
2912 3137 3242 3203 capellanus
3267 3147 3325 3190 et
3356 3137 3682 3191 Gulielmus
3710 3137 3862 3190 filius

2226 3212 2500 3266 Bernardi
2536 3212 2611 3266 de
2649 3215 2819 3266 Petro
2858 3215 3139 3268 Iohanne.

2292 3334 2331 3396 -ξ-
2372 3335 2497 3399 Ego
2525 3333 2815 3386 Iohannes
2840 3334 2913 3387 de
2936 3336 3147 3396 Bron0,
3176 3335 3320 3388 sacri
3346 3335 3548 3402 palacii
3571 3337 3857 3399 notarius,

2223 3409 2449 3462 interfui
2486 3419 2543 3462 et
2580 3411 2729 3463 hanc
2764 3420 2979 3465 cartam
3018 3412 3175 3465 iussu
3219 3412 3589 3479 suprascripti
3629 3413 3859 3465 domini

2222 3502 2477 3553 episcopi
2512 3503 2731 3554 scr1p51.

2222 3753 2351 3797 222.
2384 3771 2466 3779 ——
2508 3753 2683 3813 1225,
2733 3733 2821 3796 id.
2868 3733 2955 3798 id.
3004 3735 3274 3809 Ficker,
3320 3741 3422 3813 op.
3455 3734 3583 3811 cit„
3632 3757 3782 3817 344.

2309 3889 2669 3952 Sententia
2688 3889 3036 3952 interdicti
3060 3892 3201 3952 lata
3224 3892 3312 3952 ab
3332 3891 3664 3971 episcopo
3684 3891 3858 3954 Ter-

2220 3983 2443 4045 donae
2488 3984 2559 4045 in
2608 3984 2920 4045 Venetos
2978 3984 3109 4045 nisi
3164 3983 3345 4046 infra
3406 4004 3475 4063 15
3533 3985 3683 4047 dies
3734 4007 3855 4047 ve-

2218 4077 2411 4139 niant
2457 4076 2877 4139 satisfacturi
2925 4077 3010 4138 de
3056 4098 3183 4140 sua
3228 4078 3486 4160 agendi
3530 4079 3831 4142 ratione.

2217 4334 2351 4395 223.
2396 4353 2479 4363 ——
2533 4336 2709 4396 1225,
2766 4315 2941 4379 mad.
2996 4321 3089 4391 16,
3137 4317 3357 4391 XIII,
3406 4316 3479 4380 in
3523 4317 3855 4380 canonica

2326 4410 2681 4475 Vz'cenliae.
2728 4411 2821 4484 A,
2873 4416 3013 4489 256.
3060 4411 3332 4485 Ficker,
3384 4418 3485 4496 op.
3522 4411 3649 4486 cit„
3700 4433 3852 4492 345.

2299 4583 2604 4646 Litterae
2651 4583 2964 4664 episcopi
3005 4583 3371 4646 Terdonae
3425 4585 3677 4646 dantur
3708 4585 3851 4647 Bo-

2214 4676 2465 4738 nifacio
2521 4678 3132 4759 archipresbytero
3207 4690 3276 4741 et
3336 4678 3642 4759 capitulo
3716 4679 3849 4742 Vi-

2214 4770 2509 4846 centin0,
2545 4769 2798 4853 quibus
2830 4772 3173 4853 praecipit
3203 4772 3533 4852 quatinus
3570 4792 3856 4834 excom—

2212 4864 2700 4927 municationis
2814 4875 2883 4926 et
3003 4865 3353 4928 interdicti
3460 4867 3849 4929 sententias

2208 4959 2569 5039 publicent
2636 4968 2705 5019 et
2756 4957 3013 5020 faciant
3058 4960 3455 5034 observare,
3524 4960 3657 5022 nisi
3716 4960 3851 5022 Vi-

2208 5053 2465 5114 centini
2512 5052 2918 5114 denuntient
2977 5053 3065 5113 ad
3110 5052 3261 5114 dies
3316 5072 3387 5132 15
3446 5073 3522 5116 se
3568 5053 3849 5116 satisfa-

2210 5155 2444 5208 cturos
2526 5167 2679 5207 esse
2728 5147 2813 5208 de
2888 5145 3211 5209 omnibus
3269 5148 3480 5209 rebus
3556 5147 3626 5208 in
3712 5167 3853 5209 sua

2207 5240 2631 5320 praesentia;
2692 5250 3057 5320 praeterea
3126 5241 3461 5322 episcopo
3520 5240 3849 5303 intiment

2208 5344 2283 5395 ut
2360 5333 2539 5396 infra
2611 5334 2839 5414 ipsum
2905 5333 3276 5396 terminum
3356 5333 3849 5398 satisfacturus

2208 5429 2440 5492 veniat
2468 5429 2553 5490 de
2586 5427 3021 5512 negligentia
3053 5440 3122 5491 et
3153 5428 3667 5493 inoboedientia
3688 5449 3845 5492 sua.
