4050 6109
1073 324 1244 374 LITE
1287 323 1430 374 CON
1479 324 1764 374 BONINO
1811 321 2332 374 MOMMoLERlo
2378 327 2457 374 DI
2504 325 2673 375 ASTI
3437 332 3551 394 107

1728 448 1741 452 -
1762 447 1881 452 ..n—
1950 446 2710 456 -.-——-..-—----——.-—-———-—-

2118 458 2166 464 -—-
2175 459 2218 464 -—
2227 459 2491 466 ——.—.-.—-.
2500 459 2663 465 ,ψ-

183 572 264 631 18.
313 601 390 614 -
449 587 635 648 1227,
682 589 844 654 aug.
895 589 952 650 7,
999 570 1171 645 XV,
1229 569 1616 634 Cremonae.
1869 540 1876 631 Ι
1921 574 2016 633 26.
2066 605 2143 616 —
2198 574 2376 642 1228,
2422 589 2581 654 aug.
2629 590 2686 649 9,
2749 570 2803 646 I,
2865 569 3252 645 Cremonae,
3298 568 3375 634 in
3422 577 3548 656 pa—

259 704 586 768 Boninus
678 707 768 769 de
867 706 1408 772 Montemolerio
1428 754 1443 781 ,
1545 658 1877 777 nomine!
2007 661 2189 726 lano·
3502 695 3507 700 ’

181 819 466 881 quoque
511 799 690 863 socii
736 800 866 872 sui,
901 801 1204 884 porrigit
1233 802 1502 866 litteras
1548 799 1826 864 Barocii
1873 788 1879 899 ἱ
2007 798 2323 864 Boninus
2365 799 2697 882 relinquit
2726 797 3152 864 Gulielmum
3183 800 3272 864 de
3308 797 3553 864 Cervis

181 894 266 955 de
307 892 584 975 Burg0,
630 894 1006 974 potestatis
1049 895 1367 966 astensis,
1407 893 1828 977 postulantis
1925 913 2128 955 suum
2171 904 2696 974 procuratorem
2739 894 2831 956 ad
2872 893 3227 975 placitum,
3254 904 3555 976 excepto

179 995 251 1048 ut
281 985 346 1049 ei
391 985 662 1049 faciant
695 987 1057 1064 rationem,
1082 988 1171 1051 ad
1201 998 1624 1070 potestatem
1669 986 1828 1050 Cre-
1875 1010 1880 1061 ι
1927 985 1998 1048 in
2046 987 2389 1051 sententia
2429 987 2797 1052 audienda.

179 1099 450 1144 monae.
1876 1068 1880 1193 ἰ

177 1271 259 1330 19·
305 1287 392 1298 —
451 1273 640 1333 1²27,
689 1250 780 1316 id·
871 1251 961 1316 id·
1927 1224 2022 1286 27.
2068 1243 2153 1252 —
2204 1212 2384 1284 1228,
2472 1206 2560 1270 id.
2650 1206 2739 1270 id.

1875 1324 1881 1380 ¹
2009 1341 2285 1408 Arbitri
2343 1343 2785 1426 praecipiunt
2842 1342 3112 1408 sindico
3178 1353 3258 1408 ut
3312 1343 3387 1406 in
3450 1363 3553 1408 se-

1925 1437 2168 1518 quenti
2234 1437 2349 1500 die
2411 1437 2530 1500 det
2581 1437 3171 1520 interrogationes
3236 1458 3401 1502 suas
3467 1438 3555 1501 de

1925 1531 2182 1612 quibus
2236 1533 2539 1596 debeant
2598 1532 3020 1614 interrogari
3074 1541 3291 1595 testes
3312 1580 3327 1607 ,
3383 1551 3557 1614 quas

1925 1623 2239 1689 Boninus
2284 1627 2398 1688 vel
2442 1625 2593 1689 eius
2636 1635 3049 1709 procurator
3089 1626 3163 1688 in
3217 1626 3559 1689 Cremona

1923 1717 2294 1782 ostendere
2338 1719 2571 1782 vellet.

257 1387 588 1452 Boninus
677 1386 982 1471 porrigit
1065 1387 1336 1450 litteras
1434 1387 1826 1452 communis

175 1483 438 1546 Ianuae
493 1482 854 1565 potestati,
901 1503 942 1546 a
1009 1502 1149 1565 quo
1216 1482 1428 1545 etiam
1495 1483 1824 1563 postulat,

177 1597 264 1639 ex
322 1589 536 1657 parte
611 1576 931 1640 eiusdem
991 1575 1399 1650 communis,
1460 1585 1536 1639 ut
1611 1574 1820 1640 faciat

177 1670 308 1732 sibi
359 1671 738 1734 rationem.

179 1865 268 1909 20.
317 1881 402 1894 -
463 1865 650 1926 1227,
696 1864 856 1930 aug.
907 1865 1006 1919 22,
1054 1845 1139 1909 X
1154 1843 1227 1918 V,
1269 1843 1656 1908 Cremonae.

257 1979 594 2044 Boninus
653 2000 784 2062 per
842 2000 918 2042 se
971 1990 1040 2044 et
1099 1999 1266 2042 suos
1321 1979 1550 2042 socios
1607 1988 1678 2042 et
1735 1999 1828 2042 ex
1925 1931 2021 1992 ²8⁶
2068 1963 2151 1974 ““
2196 1932 2373 1999 ¹²²8’
2466 1926 2556 1991 ‘d'
2646 1927 2735 1990 'd‘

173 2083 382 2156 parte
466 2074 868 2138 communis
941 2073 1242 2137 astensis
1321 2083 1392 2138 et
1473 2071 1826 2136 ianuensis
2010 2065 2339 2129 Sindicus
2383 2064 2683 2147 porrigit
2728 2065 3335 2147 interrogationes,

175 2167 570 2231 denunciat
627 2168 964 2250 potestati
1023 2177 1094 2230 et
1152 2167 1490 2232 assessori
1549 2167 1700 2229 eius
1751 2176 1828 2229 ut

175 2260 448 2326 faciant
495 2261 638 2326 sibi
681 2261 1048 2325 rationem.
1925 2291 2021 2350 29,
2068 2307 2149 2318 .-
2204 2291 2271 2334 12
2283 2277 2381 2344 28,
2470 2269 2560 2335 id,
2649 2269 2739 2335 ω,

173 2454 258 2498 υ,
311 2472 388 2481 -
455 2438 642 2508 1228,
666 2431 858 2520 febr·
899 2453 956 2514 5,
990 2432 1054 2498 d·
1087 2431 1440 2508 Laterani,
1473 2453 1534 2496 a·
1576 2433 1655 2496 ιο.
1685 2431 1827 2518 Ap·
2010 2407 2285 2472 Arbitri
2328 2407 2770 2490 praecipiunt
2829 2406 3099 2471 sindico
3166 2417 3243 2470 ut
3310 2406 3401 2470 sit
3466 2405 3555 2468 ad

1927 2503 2250 2564 Parmam
2314 2503 2405 2565 ad
2462 2503 2843 2566 videndum
2910 2511 3129 2564 testes
3188 2521 3366 2582 quos
3432 2499 3564 2564 Bo-

256 2572 479 2635 Bulla
522 2570 856 2654 Gregorii
895 2569 1006 2634 IX
1038 2571 1128 2634 ad
1173 2571 1583 2654 episcopum
1616 2589 1828 2633 nova·
1925 2596 2132 2659 ninus
2168 2597 2321 2660 vult
2365 2597 2754 2660 ostendere·

173 2667 490 2730 riensem
557 2665 894 2749 quatinus
962 2685 1244 2730 causam
1307 2665 1488 2728 inter
1551 2663 1827 2728 Cremo·
2130 2683 2138 2690 ·

173 2781 440 2824 nenses
521 2771 594 2824 et
663 2758 1111 2824 Bonifacium
1178 2761 1266 2822 de
1329 2757 1828 2822 Mommoleriis
2482 2817 2494 2829 ,
2659 2816 2671 2829 ,

171 2857 424 2919 audiat
471 2864 544 2918 et
589 2854 894 2918 decidat.
1926 2839 2031 2899 3⁰·
2080 2855 2143 2868 ““
2194 2824 2375 2882 ¹²²8·
2462 2818 2551 2882 ul·
2640 2817 2729 2882 ω’·

710 3019 724 3032 ,
1383 3018 1422 3031 ,,
1611 3027 1634 3044 ..
2012 2955 2339 3020 Sindicus
2418 2955 2751 3037 relinquit
2822 2954 3207 3016 Iohannem
3282 2953 3555 3016 Bellum

171 3041 266 3086 ²²·
317 3046 406 3070 ’“’
454 3027 640 3093 ¹²²8’
691 3041 838 3086 ἀπ’
895 3025 989 3095 18’
1035 3019 1099 3084 d·
1133 3021 1432 3093 Permu’
1479 3039 1522 3082 a
1570 3039 1600 3082 ²
1641 3065 1656 3080 ·
1689 3017 1827 3102 Ap·
1927 3051 2293 3114 Fustinum
2338 3069 2541 3112 suum
2584 3058 3111 3132 procuratorem
3178 3048 3268 3111 ad
3316 3047 3556 3110 viden-

251 3159 472 3222 Bulla
520 3157 857 3241 Gregorii
903 3156 1016 3221 IX
1059 3158 1146 3220 ad
1212 3156 1537 3219 abbatem
1582 3155 1653 3218 S,
1699 3154 1826 3218 Be-
1929 3146 2093 3208 dum
2139 3153 2355 3207 testes
2402 3165 2579 3226 quos
2620 3142 2702 3206 G.
2764 3143 2851 3206 de
2910 3142 3155 3206 Cervis
3201 3143 3414 3205 vellet
3468 3140 3559 3204 fa-

167 3252 444 3316 nedicti
514 3253 607 3314 de
663 3252 862 3314 Pado
916 3251 990 3314 in
1043 3251 1298 3314 Lirone
1353 3257 1422 3311 et
1487 3248 1829 3311 archidia-
1928 3258 2087 3302 cere
2130 3239 2382 3301 iurare·
2834 3289 2841 3294 .

172 3366 439 3410 conum
463 3364 1010 3429 pergamensem
1041 3363 1180 3426 qua
1206 3343 1475 3406 iudices
1511 3341 1830 3425 adiungit

171 3440 243 3503 in
287 3460 515 3504 causa
583 3438 768 3503 inter
837 3435 1277 3502 Bonifacium
1346 3447 1697 3500 astensem
1760 3445 1830 3498 et
1927 3483 2013 3542 31·
2060 3499 2141 3508 -„
2196 3465 2373 3533 1228,
2419 3480 2576 3544 aug·
2622 3482 2717 3538 12,
2762 3461 2819 3534 L
2875 3461 3259 3526 Cremonae·

170 3533 719 3598 Cremonenses,

2014 3599 2289 3662 Arbitri
2331 3597 2775 3682 praecipiunt
2824 3597 3263 3680 procuratori
3309 3596 3558 3660 sindici

175 3729 273 3789 23.
319 3745 408 3756 -
467 3712 668 3780 1228,
731 3704 854 3769 iul.
918 3723 987 3784 31
1012 3753 1026 3780 ,
1087 3704 1159 3778 I,
1219 3704 1292 3768 in
1349 3701 1614 3790 palatio
1676 3703 1830 3767 Cre·
1930 3693 2312 3758 Cremonae
2359 3703 2435 3758 ut
2474 3711 2602 3773 per
2655 3702 2877 3756 totum
2935 3691 3121 3755 diem
3180 3693 3300 3754 det
3350 3691 3559 3755 inter-

267 3813 538 3858 monae.
1930 3788 2355 3869 rogationes

262 3929 594 3994 Nuncius
639 3927 882 4010 Egidii
927 3927 1222 3994 Guberti
1269 3926 1356 3989 de
1413 3925 1830 3998 LombardO,

175 4024 562 4105 potestatis
595 4021 1002 4094 Cremonae,
1027 4019 1368 4103 praecipit
1398 4018 1715 4082 Teboldo
1746 4019 1833 4082 de

179 4117 528 4182 Teboldis
598 4127 678 4180 ut
749 4117 1091 4198 Pl‘OCedat
1157 4115 1229 4178 in
1303 4133 1515 4178 causa
1581 4112 1832 4175 BOUini
2015 4128 2326 4192 Boninus
2370 4127 2671 4210 porrigit
2713 4136 2929 4190 testes
2996 4127 3303 4190 inclusos
3358 4137 3427 4190 et
3472 4125 3558 4188 si-

181 4233 398 4294 quam
441 4211 667 4318 habet
697 4230 858 4274 cum
893 4209 1153 4292 Egidio
1185 4210 1272 4271 de
1297 4207 1525 4271 Gadio
1563 4206 1832 4269 sindico
1933 4223 2214 4306 galatos
2258 4223 2328 4285 in
2374 4222 2694 4286 manibus
2738 4221 3177 4284 arbitrorum,

182 4325 606 4370 communis.

1929 4011 2025 4071 32.
2072 4027 2155 4038 -—-
2208 3997 2385 4065 1228,
2422 4011 2579 4075 aug.
2634 4012 2728 4070 14,
2774 3991 2831 4066 I,
2886 3991 3273 4055 Cremonae.

185 4503 278 4562 24.
323 4519 408 4528 —
455 4485 830 4564 1228‚aug.
863 4499 914 4552 1,
945 4479 1006 4554 I,
1037 4476 1112 4542 in
1145 4473 1408 4562 palatio
1444 4475 1832 4540 Cremonae.
1931 4463 2027 4524 33·
2080 4479 2143 4492 “““
2206 4449 2385 4518 ¹²²3,
2432 4463 2589 4528 aug·
2644 4463 2737 4524 Ι7»
2784 4442 2838 4516 J,
2896 4441 3281 4506 Cremmae·

2015 4578 2289 4642 Arbitri
2352 4575 2795 4659 praecipiunt
2838 4575 3111 4638 Bonino
3174 4583 3244 4637 et
3301 4572 3560 4655 Egidio

1933 4675 2019 4736 de
2064 4673 2309 4745 Gadi0‚
2354 4670 2625 4735 sindico
2654 4669 2991 4744 comuniS,
3038 4678 3113 4732 ut
3156 4668 3406 4731 eodem
3448 4666 3562 4729 die

1933 4767 2074 4830 sint
2118 4768 2207 4830 ad
2247 4765 2813 4847 respondendum
2846 4764 2932 4826 de
2978 4783 3097 4826 ore
3132 4762 3222 4825 ad
3257 4782 3338 4825 os
3384 4779 3563 4824 unus

191 4904 282 4965 25,
325 4921 416 4933 -.
475 4889 661 4958 1228,
707 4901 868 4966 aug,
921 4902 978 4963 7,
1025 4881 1080 4954 J,
1134 4879 1522 4944 Cremonae,
1932 4861 2133 4924 alteri
2169 4873 2239 4924 et
2269 4860 2457 4942 quod
2486 4857 2797 4922 sindicus
2832 4859 2951 4920 det
2978 4854 3564 4938 interrogationes

1933 4974 2145 5036 super
2186 4953 2690 5017 intentionibus
2734 4952 3007 5015 Bonini.

269 4618 472 4681 Idem
517 4625 980 4698 praeceptum
1039 4633 1168 4695 per
1211 4621 1719 4676 sacramentum
1765 4618 1834 4673 et

189 4711 258 4773 in
299 4713 548 4775 banno
605 4731 683 4774 ιο
729 4709 965 4772 librar.
1009 4707 1254 4789 imper.

271 5023 614 5088 Andreas
649 5019 1052 5086 Mastallius
1096 5031 1166 5083 et
1193 5019 1552 5082 Teboldus
1585 5019 1674 5082 de
1704 5017 1832 5080 Te—

193 5119 456 5193 boldis‚
525 5115 778 5180 arbitri
842 5114 1046 5178 electi
1104 5114 1286 5178 inter
1356 5113 1704 5176 Boninum
1767 5120 1837 5174 et

193 5213 543 5278 sindicum
589 5209 999 5282 Cremonae,
1029 5211 1197 5272 dant
1233 5213 1302 5271 in
1348 5207 1670 5270 manibus
1701 5205 1836 5268 sin-

195 5308 326 5371 dici
371 5305 812 5370 intentiones
849 5302 1104 5367 Bonini
1163 5310 1232 5364 et
1282 5301 1724 5383 praecipiunt
1772 5297 1836 5360 ei
2021 5297 2293 5360 Arbitri
2360 5294 2771 5360 denuntiant
2834 5295 3105 5358 sindico
3176 5292 3369 5376 quod
3436 5311 3565 5373 per

197 5415 266 5465 ut
329 5403 428 5466 sit
485 5402 580 5466 ad
638 5400 968 5463 Parmam
1023 5397 1112 5461 ad
1167 5395 1546 5459 videndum
1619 5403 1837 5456 testes
1935 5402 2158 5456 totum
2206 5391 2391 5454 diem
2435 5401 2505 5453 et
2538 5409 2667 5472 pro
2696 5389 3017 5471 sequenti
3052 5388 3263 5452 faciat
3304 5384 3564 5450 reverti

200 5496 358 5560 dicti
405 5495 690 5558 Bonini.
1936 5497 2006 5548 et
2050 5487 2285 5548 dicere
2326 5493 2543 5548 testes
2587 5503 2767 5566 quos
2808 5484 3201 5564 producere
3245 5481 3417 5546 vult.

1933 5180 2032 5239 34.
2079 5199 2161 5206 —
2215 5165 2392 5233 1228,
2436 5163 2601 5245 sept.
2656 5179 2750 5239 17,
2797 5159 2851 5234 I,
2909 5158 3294 5223 Cremonae.
